2014 3138
739 95 945 152 Editoris
975 106 1221 165 praefatio.
1636 109 1829 154 xxxin

249 247 275 294 Ι
307 247 411 295 356
459 261 666 306 sexuque
710 251 870 302 PEQ
889 240 952 314 ¹):
1005 262 1262 307 semumque
1304 252 1357 296 Κ
1406 264 1517 297 cum
1571 249 1827 298 deterioris

135 329 286 376 notae
323 327 584 376 codicibus.

247 409 551 457 luculentum
612 411 882 473 grassantis
943 411 1341 472 interpolationis
1412 411 1690 473 exemplum
1751 412 1826 458 est

136 505 181 536 v,
212 489 238 537 Ι
270 491 375 538 434
416 490 502 537 ubi
538 491 638 538 levi
676 507 836 538 errore
874 492 926 537 in
956 494 1000 538 P
1032 493 1192 539 exstat
1223 494 1388 539 tenuat
1415 492 1642 540 mnentia.
1705 491 1826 553 quid

134 572 187 617 in
234 570 435 618 alterius
480 571 700 619 familiae
741 572 1009 633 archetypo
1056 572 1207 620 fuerit
1243 588 1343 620 non
1381 573 1551 634 liquet.
1627 573 1827 620 variant

137 653 281 713 enim,
328 654 418 713 qui
455 668 514 700 ex
552 668 608 701 eo
649 668 937 701 emanavere
983 652 1119 700 libri:
1166 655 1218 700 in
1258 657 1309 708 Q,
1345 653 1528 716 legitur
1566 656 1829 701 tenuantur

135 733 272 780 mitia
283 725 341 798 ²),
378 734 431 780 in
472 738 512 781 G
551 737 813 782 tenuantur
849 735 1113 790 humentia,
1155 733 1286 781 unde
1324 737 1587 782 tenuantur
1621 734 1826 783 humitia

136 815 379 861 corrector
411 808 476 862 02
514 815 688 875 effecit,
725 816 778 862 in
808 819 860 862 K
897 817 1186 874 tenuantque
1222 816 1479 863 humentia.
1540 816 1656 863 hinc
1694 817 1737 863 si
1773 817 1826 862 in

134 909 187 941 re
241 893 431 942 lubrica
467 895 718 943 'iudicium
771 896 897 943 ferre
950 897 1081 957 licet,
1128 898 1387 944 tenuantur
1433 888 1723 962 (h)umentia
1772 897 1826 943 in

135 975 402 1037 archetypo
434 975 656 1024 codicum
682 980 840 1030 QKc
872 978 1022 1025 fuisse
1047 979 1352 1038 coniecerim,
1384 992 1533 1038 quam
1563 977 1824 1026 lectionem

136 1070 249 1102 cum
286 1058 443 1103 metro
482 1059 785 1120 pugnantem
823 1060 1007 1120 partim
1051 1073 1306 1106 servavere
1343 1057 1551 1118 librarii,
1580 1059 1766 1120 partim
1799 1074 1823 1106 e

135 1135 341 1184 libidine
381 1152 640 1186 correxere.
705 1141 889 1186 certam
921 1141 1086 1186 autem
1118 1139 1297 1186 iterum
1313 1140 1642 1202 ⁶agnoscimus
1673 1140 1824 1186 inter-

135 1217 438 1278 polationem
474 1220 526 1265 in
567 1219 730 1266 codice
768 1223 831 1266 K.
1301 1206 1308 1212 ”

246 1297 271 1344 Ι
305 1299 409 1345 684
455 1299 630 1359 pelayo
681 1293 808 1354 PQl
826 1293 892 1365 3):
935 1300 1102 1361 pelayi
1157 1294 1351 1355 Q20K.
1428 1302 1508 1348 hic
1562 1303 1822 1363 utramque

134 1379 395 1426 lectionem
440 1381 493 1426 in
539 1381 806 1442 archetypo
855 1382 1058 1429 alterius
1098 1381 1283 1429 ordinis
1328 1382 1481 1429 fuisse
1527 1384 1661 1444 puto.

244 1458 270 1506 I
304 1461 406 1508 713
432 1461 626 1520 pridem
654 1465 767 1521 PE,
807 1478 958 1523 quam
996 1463 1257 1511 lectionem
1294 1464 1348 1509 in
1380 1463 1480 1510 alia
1511 1463 1704 1510 familia
1736 1463 1819 1510 ab-

133 1542 313 1588 iectam
352 1556 453 1589 esse
493 1558 518 1589 e
557 1544 797 1590 varietate
837 1544 1094 1604 archetypi
1133 1544 1418 1604 explicatur.
1497 1546 1618 1591 certi
1657 1546 1822 1592 autem

135 1621 260 1668 nihil
308 1624 466 1670 ausim
511 1624 750 1684 proferre,
806 1640 915 1671 cum
961 1627 1060 1671 tres
1107 1624 1297 1672 codices
1341 1626 1439 1686 ipsi
1484 1627 1647 1673 varias
1692 1626 1823 1673 inter

44 1744 46 1746 ,
136 1716 186 1750 se
210 1691 444 1750 lectiones
477 1704 756 1751 exhibeant:
789 1705 979 1763 quidem
1004 1708 1074 1758 Q:
1106 1705 1339 1764 quiddam
1360 1709 1433 1752 K:
1456 1706 1606 1765 prodi
1629 1710 1683 1753 G.
1737 1706 1823 1753 ubi

135 1783 326 1840 quidem
379 1785 601 1845 apertam
656 1786 987 1847 corruptelam
1039 1786 1284 1847 praebet,
1316 1787 1535 1847 reliquae
1587 1788 1822 1836 lectiones

134 1864 568 1925 interpolationem
615 1867 827 1927 sapiunt.
913 1866 997 1914 sed
1035 1866 1203 1914 taedet
1247 1868 1455 1930 longius,
1505 1883 1652 1930 quam
1698 1884 1820 1930 opus

136 1946 230 2005 est,
277 1947 464 1992 versari
515 1947 568 1992 in
621 1945 935 1994 librariorum
980 1948 1196 2010 ineptiis.
1279 1948 1430 1995 codex
1477 1952 1526 2002 Q,
1572 1951 1718 1997 sicuti
1764 1965 1820 1998 eo

134 2024 256 2084 loco,
310 2040 455 2086 quem
509 2026 654 2074 modo
708 2029 1045 2087 tractavimus,
1100 2027 1161 2075 ab
1206 2029 1587 2090 interpolatione
1626 2029 1822 2077 videtur

135 2105 443 2166 abstinuisse,
474 2107 546 2154 ita
578 2110 627 2154 et
658 2107 779 2155 alibi
810 2108 1013 2156 alterius
1044 2109 1264 2156 familiae
1295 2112 1625 2171 proprietates
1655 2112 1818 2158 minus

136 2185 432 2247 obscuravit,
471 2204 619 2249 quam
667 2189 855 2237 codices
889 2193 929 2237 C
968 2191 1018 2236 et
1047 2193 1110 2237 K.
1172 2190 1351 2238 menda
1389 2193 1567 2252 autem,
1608 2207 1732 2253 quae
1771 2194 1821 2239 et

134 2266 214 2314 hic
253 2268 401 2315 codex
434 2270 679 2317 contraxit
716 2286 814 2317 non
851 2271 1184 2331 interpolandi
1220 2271 1440 2332 libidine,
1481 2272 1564 2319 sed
1602 2273 1817 2320 stultitia

255 2504 297 2557 1)
335 2502 460 2546 idem
497 2503 546 2546 in
586 2510 614 2546 c
646 2506 885 2548 exaratum
923 2504 1066 2548 fuisse
1115 2505 1504 2549 verisimillimum
1555 2509 1645 2562 est3
1693 2521 1816 2550 nunc

101 2590 103 2593 ·
136 2569 288 2610 exstat
332 2581 573 2624 sens-uque,
628 2570 709 2613 sed
761 2571 830 2613 ita
874 2573 928 2614 ut
972 2584 1028 2614 ns
1072 2570 1237 2614 tertius
1285 2573 1514 2615 corrector
1559 2572 1607 2615 in
1653 2586 1815 2616 rasura

136 2632 384 2689 scripserit.

254 2701 297 2755 2)
330 2712 357 2742 a
389 2712 481 2754 qua
511 2699 710 2744 lectione
732 2702 940 2757 proxime
964 2702 1097 2745 abest
1120 2703 1283 2758 quod'
1270 2718 1320 2746 m
1343 2703 1565 2747 Etonensi
1590 2704 1814 2759 scriptum

136 2767 207 2808 est
229 2770 477 2809 tenuantur
499 2767 643 2819 milia,
673 2767 862 2822 propius
895 2767 1038 2811 etiam
1069 2767 1251 2811 accedit
1281 2768 1342 2811 ad
1372 2769 1623 2825 genuinam
1652 2769 1814 2813 lectio-

136 2844 256 2885 nem,
287 2831 411 2887 quod
443 2831 491 2874 in
522 2831 744 2875 Bernensi
776 2837 859 2875 156
892 2835 1044 2876 exstat
1074 2838 1322 2877 tenuantur
1349 2835 1502 2879 mecia.

255 2899 298 2954 3)
328 2897 454 2940 idem
483 2897 655 2954 legitur
684 2898 733 2941 in
765 2898 923 2942 codice
953 2899 1185 2942 Bemensi.

226 2978 347 3011 S‘rn'n
369 2978 554 3011 Achilleis
579 2980 634 3011 ed.
659 2979 694 3010 K
703 2979 717 3010 1
727 2988 749 3011 o
758 2982 773 3011 t
783 2990 812 3010 z.
1522 2987 1545 3015 ο
