2014 3138
169 74 295 118 XXX
771 77 977 123 Editoris
1007 79 1252 136 praefatio.

165 217 382 276 pretium
427 218 645 278 positum
693 221 779 266 est.
859 235 985 280 quae
1033 221 1256 268 consulto
1304 237 1330 269 e
1375 221 1523 283 plena
1577 222 1856 272 conlatione

169 294 486 346 Schenkelius
533 299 695 361 elegit.
775 315 871 361 quo
917 301 1104 349 factum
1151 304 1244 364 est,
1291 304 1349 350 ut
1385 303 1438 350 in
1477 319 1706 366 praesens
1744 305 1855 367 ipsa

165 378 443 427 conlatione
485 393 648 428 carere
685 382 943 442 possimus.

165 574 191 627 g
225 576 258 619 3
308 586 453 631 quae
491 576 637 621 ratio
676 576 994 623 intercedat
1031 578 1182 624 inter
1220 579 1444 625 codices
1485 570 1648 644 QOK
1688 583 1745 627 et
1782 572 1851 630 P.

172 761 175 768 (
275 698 464 747 codices
490 702 650 753 QCK
681 700 863 748 artiore
895 701 1109 762 quodam
1132 702 1328 751 vinculo
1360 703 1489 752 inter
1513 718 1562 752 se
1595 704 1852 754 cohaerere

162 779 261 826 iam
316 794 464 841 supra
517 780 790 829 indicatum
845 784 930 830 est.
1022 798 1259 846 magnum
1312 785 1443 832 enim
1503 784 1851 835 detrimentum

161 861 350 910 factum
389 864 465 910 est
501 862 553 908 in
592 861 669 910 his
706 863 866 911 tribus
899 864 1144 913 codicibus
1175 867 1289 927 post
1318 881 1514 914 versum
1543 865 1569 913 Ι
1602 867 1721 916 528.
1777 870 1849 917 at-

161 959 255 1005 que
282 958 407 1005 quae
430 943 771 993 Kohlmannus
803 946 855 992 in
888 948 1131 1008 apparatu
1164 946 1332 995 critico
1365 946 1514 1011 dedit,
1546 963 1657 996 cum
1686 949 1849 999 minus

158 1025 418 1087 perspicua
457 1026 579 1088 sint,
624 1025 854 1088 breviter,
903 1027 1062 1088 qualis
1103 1028 1169 1075 sit
1205 1043 1297 1090 reS‚
1338 1029 1677 1091 exponendum
1714 1030 1849 1079 vide-

157 1109 253 1154 tur.
316 1107 484 1155 omissi
525 1109 691 1155 autem
722 1109 837 1156 sunt
867 1108 918 1155 in
957 1113 1118 1163 QGK
1157 1125 1326 1158 versus
1365 1109 1391 1157 Ι
1425 1111 1732 1161 529-661.
1795 1112 1848 1160 111

160 1191 210 1243 Q.
249 1190 381 1236 enim
426 1189 509 1236 fol.
555 1182 685 1236 173b
724 1191 838 1251 post
875 1207 918 1238 v.
952 1190 977 1237 I
1011 1191 1114 1238 528
1157 1192 1452 1253 sequebatur
1496 1193 1641 1242 unius
1678 1209 1850 1243 versus

158 1272 319 1332 spatio
358 1271 638 1319 intermisso
650 1264 690 1337 1)
730 1286 899 1320 versus
941 1272 1060 1320 662.
1123 1272 1208 1320 sed
1247 1274 1363 1334 quia
1401 1275 1453 1321 111
1493 1275 1850 1339 supplemento,

158 1351 289 1414 quod
344 1352 441 1400 alio
495 1353 614 1400 folio
666 1354 851 1400 inserto
905 1354 1113 1416 legitur,
1164 1369 1318 1415 usque
1373 1355 1436 1402 ad
1488 1371 1685 1404 versum
1741 1357 1845 1405 662

158 1434 369 1496 scriptus
418 1436 525 1481 erat
571 1436 847 1496 contextus,
894 1437 1066 1496 postea
1113 1437 1166 1482 in
1204 1437 1343 1484 textu
1381 1436 1489 1500 ipso
1528 1453 1697 1486 versus
1740 1438 1843 1486 662

157 1517 329 1577 utpote
369 1532 466 1563 non
505 1516 806 1564 necessarius
844 1531 1017 1564 rasura
1056 1516 1244 1565 deletus
1285 1519 1371 1566 est.
1447 1533 1642 1567 versum
1682 1521 1847 1567 autem

160 1597 261 1646 661
312 1597 595 1645 foedissima
641 1598 1023 1659 interpolatione
1070 1601 1232 1646 ortum
1270 1599 1323 1646 in
1361 1600 1629 1662 exemplari
1666 1599 1846 1650 codicis

158 1682 208 1733 Q
246 1679 396 1727 fuisse
436 1679 572 1727 nullo
611 1679 756 1727 modo
796 1678 1123 1728 demonstrari
1163 1681 1338 1741 potest.
1415 1681 1566 1730 immo
1604 1681 1696 1731 hac
1734 1682 1847 1744 ipsa,

154 1776 206 1807 re
247 1762 569 1808 correctorem
607 1762 819 1822 pessimo
859 1761 1073 1822 quodam
1111 1761 1236 1809 libro
1275 1776 1420 1810 usum
1460 1777 1562 1811 esse
1600 1763 1843 1813 docemur.

156 1844 284 1890 certe
323 1843 607 1891 melioribus
654 1842 794 1891 libris
833 1844 910 1891 usi
949 1846 1086 1905 sunt,
1125 1845 1211 1905 qui
1248 1845 1301 1890 111
1340 1844 1586 1893 codicibus
1625 1849 1678 1894 K
1714 1848 1764 1894 et
1802 1850 1843 1896 Ο

153 1924 381 1972 lacunam
428 1925 758 1986 expleverunt.
835 1923 1240 1973 desiderabantur
1285 1927 1440 1988 igitur
1476 1927 1530 1973 in
1569 1942 1624 1975 eo
1665 1926 1842 1989 codice,

153 2005 281 2053 unde
321 2005 447 2052 liber
487 2009 536 2060 Q,
574 2007 899 2067 transcriptus
940 2008 1027 2067 est,
1071 2007 1172 2054 132
1215 2022 1396 2055 versus.

263 2086 393 2134 idem
425 2087 658 2134 damnum
688 2088 875 2135 factum
907 2089 981 2135 est
1010 2089 1063 2134 in
1096 2087 1260 2135 codice
1290 2091 1356 2149 K,
1387 2088 1470 2135 ubi
1501 2088 1841 2137 Kohlmannus

153 2182 320 2215 versus
362 2168 653 2215 529-660
695 2171 743 2215 et
781 2183 975 2216 versum
1018 2169 1118 2215 661
1163 2169 1327 2217 deesse
1368 2169 1573 2217 adnotat
1603 2170 1655 2216 in
1686 2184 1838 2232 appa-

151 2250 265 2296 ratu
313 2249 374 2295 ad
412 2266 455 2296 v.
493 2250 595 2296 529
638 2251 687 2297 et
725 2266 768 2297 v.
806 2250 924 2296 661.
1002 2251 1053 2296 in
1094 2253 1134 2297 C
1182 2250 1575 2311 supplementum
1622 2265 1838 2312 compre-

151 2329 323 2378 hendit
360 2345 527 2378 versus
574 2330 687 2377 inde
734 2347 763 2377 a
806 2330 908 2377 528
957 2345 1110 2392 usque
1158 2330 1220 2378 ad
1271 2332 1372 2378 662
1423 2331 1507 2379 sed
1551 2332 1640 2393 ita,
1686 2334 1743 2379 ut
1788 2334 1839 2380 et

152 2427 262 2459 eum
300 2427 510 2473 versum,
557 2413 643 2473 qui
698 2411 942 2459 antecedit
995 2412 1236 2472 lacunam,
1294 2414 1343 2459 et
1399 2428 1524 2473 eum,
1578 2413 1664 2475 qui
1725 2412 1836 2461 sub—

153 2494 388 2554 sequitur,
428 2494 683 2555 repetierit
722 2495 975 2541 corrector.
1055 2509 1180 2555 quae
1228 2509 1337 2541 cum
1375 2494 1448 2541 ita
1487 2495 1600 2555 sint,
1644 2497 1838 2542 constat

150 2576 201 2621 in
250 2577 496 2622 communi
542 2575 717 2623 horum
762 2574 1000 2623 librorum
1046 2576 1180 2622 fonte
1228 2574 1577 2622 detrimentum
1616 2575 1837 2637 quolibet

151 2655 295 2704 modo
343 2656 529 2704 factum
576 2656 726 2704 fuisse
765 2671 993 2704 versuum
1037 2656 1156 2717 132,
1195 2672 1319 2717 quae
1358 2671 1434 2704 res
1474 2655 1723 2704 commode
1761 2658 1835 2704 ita

150 2737 438 2798 explicatur,
462 2739 518 2784 ut
543 2737 637 2785 duo
662 2738 782 2786 folia
805 2737 1044 2785 tricenum
1069 2739 1318 2786 ternorum
1343 2740 1395 2785 in
1427 2754 1619 2800 quaque
1649 2739 1833 2801 pagina

272 2894 311 2946 1)
344 2893 465 2935 unde
498 2892 738 2936 librarium
771 2893 924 2950 ipsum
957 2892 1176 2937 damnum
1210 2893 1477 2950 cognovisse
1507 2894 1651 2949 patet.
