2014 3138
741 99 743 101 ’
783 91 989 135 Editoris
1019 90 1264 148 praefatio.
1722 91 1870 135 XXIX

294 232 346 280 H
378 232 444 281 96
492 231 572 281 Sic
616 234 725 280 orat
769 232 942 279 teneris
981 225 1045 279 0¹
1063 224 1127 297 ¹):
1159 232 1191 279 ‘b
1223 231 1354 279 dicor
1393 234 1436 279 et
1471 232 1524 280 {sn
1563 232 1767 280 tenebris
1807 226 1870 280 02

292 313 344 361 H
377 314 479 361 127
511 314 645 373 facta
674 316 808 362 vasto
840 313 1082 373 spectabat
1113 307 1197 360 0¹:
1236 315 1370 361 vasto
1400 314 1534 373 facta
1572 314 1872 374 eaespectabat

183 394 297 443 inde
335 394 494 442 effecit
533 387 597 442 0²

295 475 487 523 addidit
526 469 590 524 0²
628 477 779 523 etiam
828 475 1162 524 foedissimam
1211 477 1644 538 interpolationem
1681 476 1707 523 I
1748 479 1776 524 7
1787 478 1867 524 72.

292 557 390 604 fuit
428 557 595 605 autem
639 556 765 604 liber
803 557 882 604 cui
928 560 1170 612 corrector
1207 573 1296 606 sua
1336 557 1565 619 debebat,
1605 558 1780 622 glossis
1821 560 1870 606 et

183 637 380 688 scholiis
391 630 433 704 ²)
472 639 740 687 instructus
781 639 930 699 atque
969 638 1032 686 ad
1070 640 1279 686 mixtum
1309 638 1434 686 illud
1464 639 1686 687 codicum
1717 654 1869 703 genus

180 718 473 781 pertinebat,
505 720 591 780 qui
620 719 733 766 inde
766 734 796 766 a
827 720 1035 782 saeculo·
1052 719 1337 768 duodecimo
1371 719 1698 782 pullulabant,
1736 723 1869 782 post-

183 815 332 862 quam
363 799 601 849 Puteanei
630 802 868 849 memoria
898 802 950 847 in
981 801 1142 848 lucem
1179 800 1399 863 quolibet
1435 801 1580 849 modo
1619 802 1871 863 protracta

183 883 270 930 est.
332 881 385 929 id
418 882 548 944 quod
585 882 805 946 longiore
844 882 1177 943 disputatione
1209 882 1542 930 demonstrare
1582 898 1758 944 operae
1789 884 1872 930 vix

182 964 398 1025 pretium
436 965 524 1024 est,
563 963 621 1011 cf.
659 962 913 1012 adnotatio
954 964 1125 1012 critica
1163 963 1226 1011 ad
1264 963 1289 1010 I
1322 964 1404 1011 59.
1439 964 1558 1011 265.
1593 965 1714 1012 413.
1750 964 1869 1012 513·

186 1044 238 1092 Π
273 1046 338 1093 13
372 1045 432 1092 al.
1664 1039 1668 1042 ’

295 1125 502 1187 denique
561 1125 783 1173 codicis
835 1125 1155 1174 Etonensis
1207 1126 1282 1173 Bl.
1326 1126 1373 1187 6,
1408 1126 1437 1173 5
1489 1119 1605 1192 (Ε),
1659 1126 1718 1174 de
1774 1142 1869 1188 quo

186 1207 335 1255 verba
380 1207 499 1254 fecit
543 1206 745 1255 Henrici
788 1206 880 1253 filii
928 1207 1203 1255 conlatione
1248 1222 1363 1255 usus
1412 1205 1615 1256 Carolus
1661 1206 1872 1255 Schenkl

185 1290 238 1335 in
271 1283 558 1336 Studiorum
588 1287 1041 1336 Vindobonensium
1072 1289 1166 1337 vol.
1199 1288 1272 1335 IV
1304 1281 1496 1355 (1882)
1527 1305 1574 1350 p.
1603 1290 1871 1351 96—101,

185 1370 449 1417 nonnullas
486 1370 719 1417 lectiones
751 1369 1097 1432 adscripsimus
1130 1370 1193 1417 ad
1225 1370 1403 1418 codicis
1435 1369 1674 1418 Puteanei
1705 1372 1871 1418 aucto-

185 1450 387 1498 ritatem
423 1449 727 1498 firmandam.
805 1466 921 1498 nam
960 1450 1275 1498 Schenkelius
1314 1452 1416 1498 iam
1459 1454 1590 1499 recte
1641 1453 1872 1515 cognovit

186 1547 298 1579 eum
335 1531 517 1579 librum
555 1533 699 1579 mixti
734 1533 923 1595 generis
957 1547 1071 1580 esse.
1134 1532 1218 1581 sed
1249 1548 1359 1580 cum
1391 1533 1583 1580 saeculo
1614 1533 1870 1581 undecimo

186 1611 545 1661 Beneventanis
584 1613 764 1662 litteris
803 1613 855 1660 in
885 1613 1036 1660 Italia
1074 1614 1140 1661 sit
1182 1615 1501 1675 conscriptus,
1539 1629 1716 1676 parum
1747 1615 1870 1662 veri-

189 1694 348 1741 simile
388 1696 464 1741 est
502 1709 559 1741 ex
596 1695 703 1756 ipso
743 1694 963 1742 Puteano
1003 1694 1251 1756 exemplar
1291 1696 1394 1742 eius
1433 1695 1651 1756 fluxisse,
1691 1695 1775 1743 sed
1814 1710 1871 1742 ex

190 1774 342 1821 simili
381 1774 593 1835 quodam
632 1774 809 1822 codice.
886 1775 1014 1822 unde
1061 1777 1130 1824 eis
1176 1776 1296 1824 locis
1344 1776 1520 1837 quibus
1560 1777 1872 1824 consentiunt

187 1856 317 1902 inter
355 1869 405 1902 se
444 1854 719 1903 Puteaneus
759 1856 808 1903 et
846 1855 1130 1916 Etonensis,
1175 1873 1274 1904 non
1311 1857 1544 1905 lectiones
1582 1858 1717 1906 illius
1755 1857 1873 1904 libri

188 1937 413 1997 proprias
446 1938 635 1984 exstare
666 1938 987 2000 cognoscitur.
1049 1937 1162 1985 hinc
1192 1938 1405 1986 multum
1443 1939 1512 1986 eis
1542 1938 1658 1986 fidei
1688 1953 1870 1987 aceres-

189 2032 295 2064 cere
333 2017 478 2064 facile
511 2018 728 2079 apparet.
790 2018 1102 2066 vehementer
1132 2021 1298 2067 autem
1329 2019 1591 2067 dolendum
1622 2022 1711 2081 est,
1741 2019 1873 2081 quod

187 2100 292 2146 tam
328 2113 440 2146 raro
481 2099 720 2160 optimam
758 2101 1045 2147 memoriam
1077 2099 1336 2149 Etonensis
1368 2102 1651 2161 servaverit,
1691 2102 1872 2163 quippe

189 2181 276 2240 qui
321 2179 580 2227 descendet
624 2195 654 2227 a
700 2180 863 2227 codice
910 2183 1124 2229 correcto
1172 2181 1235 2229 ad
1279 2181 1462 2229 librum
1509 2182 1753 2244 quendam
1791 2181 1870 2229 de-

187 2261 382 2308 terioris
420 2262 566 2308 notae
605 2262 752 2322 atque
789 2262 862 2308 ita
905 2264 1137 2323 correcto,
1175 2264 1232 2309 ut
1268 2278 1428 2324 pauca
1464 2264 1662 2310 tantum
1692 2263 1871 2310 veteris

190 2342 393 2404 originis
439 2343 650 2405 vestigia
696 2344 954 2404 supersint.
1039 2358 1165 2405 quae
1220 2359 1330 2391 cum
1382 2345 1455 2391 ita
1509 2345 1622 2404 sint,
1669 2360 1694 2391 e
1740 2344 1870 2391 notis

192 2420 467 2469 Schenkelii
505 2438 564 2470 ea
600 2424 912 2485 potissimum
943 2425 1177 2488 elegimus
1215 2426 1513 2485 testimonia,
1544 2425 1721 2486 quibus
1754 2423 1870 2473 Eto-

190 2504 352 2549 nensis
399 2518 428 2549 a
472 2502 710 2552 Puteanei
754 2506 894 2566 palte
941 2507 1063 2566 stat,
1118 2507 1170 2552 in
1225 2505 1401 2567 quibus
1447 2506 1563 2554 solis
1610 2505 1871 2554 Etonensis

311 2629 354 2683 1)
387 2626 551 2671 similis
584 2629 884 2673 commutatio
916 2629 1178 2674 litterarum
1208 2630 1244 2676 S
1266 2631 1312 2674 et
1336 2632 1385 2675 D
1415 2630 1543 2675 facta
1574 2631 1645 2674 est
1666 2630 1688 2673 Ι
1713 2633 1809 2673 137.

311 2695 354 2750 2)
388 2692 444 2736 cf.
469 2708 508 2736 v.
534 2693 554 2735 I
578 2698 660 2737 421
693 2695 776 2738 ubi
805 2695 995 2740 lectioni
1026 2697 1270 2753 genuinae,
1302 2709 1422 2753 quae
1454 2698 1604 2741 exstat
1634 2697 1683 2739 in
1715 2701 1742 2738 c
1773 2709 1869 2740 um-

192 2761 288 2816 bre,
326 2762 344 2804 i
382 2760 491 2816 silve
529 2761 917 2817 supi-ascripserat
962 2765 1202 2807 corrector.
1273 2762 1354 2806 sed
1400 2762 1585 2819 cognito
1633 2775 1783 2806 errore
1815 2789 1869 2795 —

193 2826 397 2883 glossam
426 2840 510 2882 pro
541 2826 670 2869 varia
700 2826 898 2871 lectione
930 2831 1173 2885 acceperat
1205 2855 1259 2860 ——
1283 2831 1302 2873 i
1326 2828 1478 2872 erasit.
1527 2828 1691 2872 eadem
1714 2830 1871 2873 autem

194 2891 348 2947 glossa
380 2906 416 2936 e.
443 2907 485 2949 g.
519 2892 568 2936 in
593 2892 751 2937 codice
774 2893 1040 2939 Monacensi
1067 2900 1121 2938 14
1136 2899 1221 2939 557
1246 2895 1483 2951 adscripta
1514 2896 1584 2939 est
1614 2895 1723 2940 huic
1754 2895 1867 2939 loco.
