2014 3138
739 101 1135 148 ACHILLEIDOS
1167 102 1216 145 L.
1249 102 1282 147 Ι.
1794 102 1861 154 17

162 255 261 290 nec
299 255 556 308 magnum
596 236 836 307 ambigui
874 237 1148 307 fregerunt
1190 235 1395 290 Caenea
1435 254 1612 289 sexus:

161 324 258 377 has
298 324 426 393 sine,
466 342 680 392 quaeSO,
718 324 890 377 minas
922 325 1227 393 nubemque
1261 325 1402 377 exire
1435 324 1742 395 malignam.
1797 344 1862 377 265

166 431 294 466 mox
330 413 526 465 iterum
565 430 799 481 campos,
838 412 1034 465 iterum
1074 411 1392 466 Centaurica
1428 413 1647 466 reddam

161 502 331 553 lustra
367 500 489 553 tibi:
530 519 624 569 per
663 518 762 571 ego
801 501 906 554 hoc
945 502 1105 555 decus
1145 504 1199 554 et
1238 504 1463 554 ventura
1501 501 1750 553 iuventae

164 587 371 659 gaudia,
413 588 458 640 si
496 591 666 641 terras
704 587 1070 657 humilemque
1111 591 1329 657 experta
1369 588 1623 640 maritum

161 679 215 728 te
254 679 487 745 propter,
526 676 572 728 si
611 677 955 747 progenitum
996 675 1195 747 Stygos
1240 695 1394 729 amne
1434 694 1615 729 severo

161 765 363 816 armavi
391 795 453 803 -—
481 768 763 834 totumque
786 765 1014 818 utinam!
1039 797 1126 834 —,
1153 784 1281 834 cape
1306 768 1423 818 tuta
1447 783 1736 833 parumper
1790 786 1861 819 270

161 852 402 922 tegmina
440 853 521 921 nil
556 853 806 906 nocitura
845 854 1037 906 anim0.
1117 872 1213 907 cur
1253 872 1345 906 ora
1382 854 1591 906 reducis

163 941 358 1008 quidve
396 944 588 1009 parant
628 940 807 994 oculi?
882 942 1048 1009 pudet
1086 942 1192 995 hoc
1232 942 1511 994 mitescere
1550 940 1735 994 cultu?

162 1046 257 1097 per
294 1032 362 1097 te,
403 1046 523 1082 care
562 1047 709 1098 puer,
749 1032 979 1100 cognata
1017 1048 1113 1098 per
1152 1047 1384 1098 aequora
1422 1030 1556 1099 ium,

161 1116 364 1170 nesciet
400 1117 505 1170 hoc
545 1115 779 1169 Chiron?
857 1118 935 1171 sic
972 1118 1190 1170 horrida
1229 1121 1449 1186 pectora
1486 1119 1683 1170 tractat

161 1204 488 1273 nequiquam
523 1204 787 1274 mulcens3
827 1206 1005 1258 obstat
1043 1206 1360 1276 genitorque
1398 1204 1612 1275 roganti
1793 1225 1859 1259 275

161 1292 499 1360 nutritorque
538 1292 728 1363 ingens
768 1296 822 1345 et
861 1293 1024 1346 cruda
1063 1293 1281 1345 exordia
1321 1311 1546 1363 magnae

161 1379 372 1432 indolis.
448 1380 676 1433 effrenae
716 1381 983 1433 tumidum
1022 1382 1170 1433 velut
1210 1381 1336 1451 igne
1375 1381 1622 1433 iuventae

162 1467 208 1520 si
247 1468 366 1536 quis
407 1485 603 1536 equum
641 1468 830 1537 primis
870 1469 1186 1521 submittere
1225 1472 1451 1537 temptet
1489 1468 1737 1522 habenis:

162 1555 254 1608 ille
294 1556 385 1607 diu
425 1556 628 1625 campis
667 1557 953 1625 fluviisque
992 1560 1046 1609 et
1084 1557 1289 1610 honore
1330 1557 1561 1625 superbo

163 1643 376 1713 gavisus
413 1661 523 1696 non
562 1643 701 1697 colla
739 1644 883 1714 iug0,
922 1662 1031 1696 non
1070 1663 1257 1713 aspera
1295 1645 1515 1713 praebet
1797 1665 1864 1698 280

163 1747 257 1782 ora
293 1731 436 1799 lupis
477 1731 786 1799 dominique
818 1732 1001 1784 fremit
1040 1733 1284 1800 captivus
1324 1732 1460 1784 inire

162 1818 388 1887 imperia
427 1822 587 1878 atque
626 1820 761 1872 alios
800 1820 1024 1873 miratur
1064 1821 1266 1874 discere
1306 1838 1506 1874 cursus.

287 2008 587 2052 Testimonia:
638 2012 722 2051 269
773 2008 921 2066 [Smw.
976 2008 1114 2066 Verg.
1146 2009 1261 2052 Aen.
1292 2008 1358 2052 VI
1388 2012 1443 2052 57
1492 2008 1615 2064 (add.
1665 2009 1718 2053 in
1763 2009 1860 2054 cod.

165 2066 349 2122 Dresd.)
381 2065 505 2110 unde
539 2066 716 2111 Statius
750 2067 810 2111 ‘si
841 2069 888 2111 te
952 2070 1089 2125 tygos
1122 2081 1258 2111 amne
1290 2080 1446 2111 severo
1480 2067 1657 2111 armavi
1687 2069 1863 2112 totum-

166 2138 256 2180 que
286 2125 509 2168 utinamt’

281 2300 530 2356 Exempla:
564 2305 647 2345 267
673 2301 815 2346 Vnae.
841 2302 955 2346 Aen.
980 2302 1044 2345 IV
1069 2306 1154 2345 314
1178 2314 1261 2358 per
1292 2314 1378 2358 ego
1410 2302 1495 2345 has
1526 2301 1744 2346 lacrimas
1771 2315 1858 2359 eqs.

284 2362 367 2401 271
402 2358 544 2403 Theb.
578 2360 643 2404 IV
666 2365 752 2404 494
786 2374 866 2405 ora
896 2361 1209 2405 reducentem.

287 2535 372 2574 264
405 2545 576 2576 cenaea
599 2538 632 2575 P
760 2539 845 2578 265
876 2534 972 2578 Has
1002 2535 1070 2590 (in
1100 2548 1190 2579 ras.
1216 2534 1283 2591 03)
1309 2548 1376 2578 ωε
1408 2534 1508 2578 Hae
1531 2539 1564 2576 P
1667 2536 1862 2579 nubem-

83 2602 86 2604 ·
167 2601 257 2644 quc
284 2624 292 2632 .
321 2625 328 2633 .
357 2624 365 2632 .
390 2590 647 2647 malignam
677 2597 730 2636 P:
768 2606 1032 2649 numenque
1071 2595 1159 2649 (-u-
1192 2592 1244 2635 0²
1274 2593 1326 2635 i‘n
1356 2595 1465 2649 ras.)
1494 2628 1502 2635 .
1533 2629 1540 2637 .
1569 2628 1577 2636 .
1602 2594 1862 2650 malignum

167 2662 213 2691 ω
336 2652 418 2691 267
445 2648 589 2692 Lusta
612 2654 644 2692 P
734 2651 925 2709 iubente
949 2656 982 2693 P
1104 2655 1187 2694 271
1212 2650 1331 2694 nihil
1354 2655 1387 2693 P
1491 2652 1684 2695 reduces
1708 2657 1741 2694 P

169 2709 254 2748 274
285 2706 371 2764 hec
404 2708 446 2765 (e
475 2708 528 2751 in
557 2721 646 2752 ras.
682 2709 755 2765 αἱ)
788 2714 859 2757 Qc
1024 2713 1108 2753 276
1140 2722 1339 2766 magnae
1372 2723 1438 2753 w:
1479 2713 1670 2753 manent
1700 2715 1755 2764 P;
1797 2723 1862 2754 om

166 2767 362 2808 manant
377 2764 401 2807 ,9
612 2770 694 2809 277
742 2767 975 2826 ΙηᾶοΞΙίε
1023 2769 1219 2824 (videtur
1264 2781 1443 2812 erasum
1489 2782 1578 2813 esse
1618 2769 1677 2824 ci)
1709 2773 1741 2810 P

168 2827 254 2866 278
292 2823 460 2879 temp&
490 2828 524 2866 P
718 2829 802 2869 279
834 2826 1060 2882 fiuvisque
1091 2831 1144 2868 P:
1178 2825 1329 2869 fluviis
1363 2832 1390 2868 c
1584 2831 1667 2870 281
1702 2826 1861 2871 fremit

168 2885 222 2924 P:
258 2882 404 2938 gemit
436 2886 535 2930 QK:
572 2885 715 2939 negat
747 2889 775 2926 c

257 2961 379 2995 Sum
402 2962 592 2997 Achilleis
617 2964 675 2997 ed.
700 2965 858 2998 Klotz.
1479 2962 1504 2999 2
