2014 3138
158 92 200 135 X
762 91 968 136 Editoris
997 91 1244 149 praefatio.

156 231 242 279 ubi
280 231 333 279 in
370 231 465 279 fine
496 246 664 280 versus
704 230 1054 279 detrimffltum
1093 231 1281 282 factum
1323 233 1410 292 est,
1449 232 1739 280 asteriscum
1768 229 1853 279 ad-

156 314 316 375 posui,
358 313 509 360 semel
547 311 634 359 ubi
671 312 724 359 in
754 312 914 374 initi0,
947 327 1151 360 crucem.
1223 328 1322 361 uno
1362 314 1510 375 atque
1550 312 1707 361 altero
1744 312 1853 361 loco

158 411 188 442 a
242 393 446 442 librario
513 394 832 457 neglegenter
884 393 1125 442 scribente
1186 395 1445 456 peccatum
1495 408 1597 442 esse
1651 394 1854 441 minime

157 476 455 538 negaverim,
494 475 574 522 1110
612 475 718 522 11110
755 475 861 537 ipse
902 474 1151 524 adnotavi.
1219 477 1388 524 tamen
1425 489 1552 537 quae
1592 476 1666 522 est
1702 476 1853 523 teme-

156 557 280 604 ritas
336 555 593 604 scribentis
634 572 672 604 e.
714 573 758 619 g.
798 556 961 604 videtu
1012 571 1103 618 pro
1156 555 1346 604 videtur
1390 556 1471 605 vel
1507 554 1719 604 Amenta
1762 570 1853 618 pro

156 637 421 693 Lamenta,
475 654 537 685 ne
591 638 737 699 plura
781 638 863 684 hic
908 634 1191 699 proferam?
1269 653 1393 699 quae
1441 638 1485 685 si
1522 638 1632 699 quis
1678 636 1856 685 librari

157 719 356 787 levitati
408 718 626 766 tribuere
679 719 823 779 velit,
879 717 1160 766 contradico
1216 734 1365 780 quam
1416 719 1641 766 maxime.
1729 717 1855 766 talia

160 801 323 860 quivis
362 800 508 847 homo
548 800 628 848 vel
667 799 910 847 elementa
946 798 1130 847 Latina
1168 799 1367 847 edoctus
1410 799 1513 847 fere
1550 815 1651 848 non
1687 800 1855 861 potuit

160 896 259 928 non
291 881 533 942 supplere.
597 881 641 928 si
670 881 839 928 tamen
867 880 1032 928 noluit
1061 879 1294 928 librarius
1331 881 1425 928 hac
1456 880 1602 929 laude
1635 881 1855 944 gloriari,

158 961 449 1025 diligentiae
503 963 670 1023 potius
725 977 876 1023 quam
928 961 1268 1025 neglegentiae
1319 962 1422 1010 eius
1468 961 1562 1010 hoc
1616 960 1853 1010 adscribo.

157 1058 275 1090 nam
321 1059 433 1090 eum
478 1058 577 1091 non
622 1043 773 1091 fuisse
819 1044 1210 1091 mercennarium
1257 1041 1550 1104 quemlibet,
1603 1041 1686 1091 sed
1743 1058 1856 1090 eum

141 1125 245 1185 -qui
292 1140 417 1186 quae
463 1123 661 1187 legebat
705 1123 858 1186 probe
904 1124 1236 1188 intellegeret,
1291 1123 1654 1186 subscriptione
1704 1124 1856 1186 primi

157 1205 274 1252 libri
298 1204 573 1253 Thebaidos
606 1204 878 1267 edocemur,
909 1205 995 1252 ubi
1024 1206 1167 1254 haec:
1211 1204 1345 1264 Opus
1372 1206 1529 1265 primi
1565 1204 1678 1253 libri
1707 1205 1856 1253 mira-

159 1286 243 1334 bili
275 1285 577 1334 delectatione
604 1279 608 1350 Ι
627 1289 883 1346 peractwm
914 1289 991 1334 est.
1050 1286 1197 1334 Nunc
1227 1286 1294 1334 ad
1324 1286 1523 1334 seomidi
1551 1286 1664 1334 libri
1691 1279 1696 1352 Ι
1723 1285 1857 1334 volu-

156 1381 267 1414 men
304 1381 403 1415 non
442 1367 667 1415 dissimili
705 1368 869 1415 animo
884 1381 890 1387 ·
908 1381 1055 1426 quam
1084 1368 1306 1428 primum
1332 1361 1337 1432 Ι
1365 1369 1635 1427 accepimus
1665 1380 1856 1415 conver-

159 1452 332 1496 tamur.
396 1463 697 1510 quamquam
726 1450 887 1511 magis
928 1451 1076 1509 atque
1114 1450 1272 1511 magis
1311 1448 1532 1496 studium
1570 1463 1682 1495 eum
1711 1448 1855 1496 remi-

158 1531 276 1578 sisse
311 1531 623 1592 cognoscitur
654 1545 726 1590 eo,
758 1529 890 1591 quod
919 1529 1213 1591 procedente
1245 1528 1413 1577 labore
1446 1531 1656 1592 augetur
1687 1543 1855 1577 eorum

158 1625 389 1658 numerus
437 1611 671 1672 locorum,
710 1610 797 1658 ubi
833 1610 1147 1673 neglegentia
1185 1609 1380 1657 librarii
1427 1609 1606 1658 menda
1650 1608 1855 1658 inducta

159 1693 274 1739 sunt
312 1693 364 1738 in
396 1690 714 1740 Puteaneum.
776 1693 943 1739 tamen
979 1691 1094 1739 hinc
1124 1706 1223 1738 non
1255 1692 1508 1753 evertitur,
1549 1690 1680 1753 quod
1709 1689 1855 1739 modo

160 1774 438 1821 statuimus.
516 1789 633 1820 nam
681 1789 738 1820 ex
777 1773 862 1833 eiS,
902 1788 1027 1834 quae
1073 1772 1222 1836 longo
1262 1772 1431 1820 ordine
1471 1787 1622 1834 supra
1660 1787 1854 1834 compo·

159 1855 360 1915 suimus,
400 1854 606 1902 minima
644 1869 760 1916 pars
794 1853 856 1901 ad
889 1854 1046 1901 solam
1077 1854 1443 1917 neglegentiam
1473 1853 1648 1901 referri
1676 1855 1852 1915 potest.

159 1937 289 1983 certe
331 1936 461 1983 circa
499 1950 669 1984 versus
707 1935 733 1982 Ι
771 1935 1060 1983 912-922
1102 1935 1370 1983 fenestram
1407 1935 1558 1983 fuisse
1596 1934 1651 1982 in
1689 1933 1855 1982 arche-

159 2019 280 2079 typo
319 2016 443 2063 mihi
482 2016 682 2078 quidem
721 2016 1031 2078 exploratum
1063 2019 1149 2063 est.
1214 2019 1401 2077 quanta
1432 2018 1598 2063 autem
1629 2015 1854 2063 cautione

158 2098 211 2144 in
258 2098 448 2145 lacunis
489 2097 741 2158 explendis
789 2097 940 2143 fuerit
980 2096 1227 2157 librarius,
1274 2098 1458 2158 optime
1506 2097 1722 2144 cernitur
1762 2095 1855 2143 hoc

159 2180 268 2240 ipso
329 2178 450 2226 1000.
542 2191 686 2225 versu
748 2178 878 2224 enim
935 2178 1037 2225 912
1102 2177 1321 2224 litteram
1374 2190 1419 2224 -e
1477 2192 1627 2238 quam
1687 2175 1853 2225 deesse

160 2260 416 2322 cognovit,
479 2258 631 2319 spatii
691 2259 882 2306 ratione
944 2258 1145 2305 minime
1208 2259 1411 2321 cogente
1473 2271 1623 2319 supra
1684 2271 1855 2306 vocem

162 2382 354 2430 addidit
392 2384 464 2431 ita
503 2385 559 2430 ut
598 2385 755 2431 exstet
791 2345 933 2444 ηαΐῗις
979 2383 1032 2430 111
1070 2381 1387 2444 sequentibus
1426 2397 1486 2429 ne
1524 2381 1617 2430 hoc
1655 2381 1855 2444 quidem

160 2479 307 2512 ausus
348 2466 435 2513 est.

272 2547 372 2594 iam
404 2561 520 2594 vero
551 2546 604 2592 in
636 2546 746 2607 ipsa
778 2544 1026 2593 Thebaide
1058 2546 1205 2608 plura
1243 2547 1392 2606 atque
1425 2559 1483 2592 ea
1513 2544 1855 2593 manifestiora

162 2627 373 2690 vestigia
428 2627 719 2674 lacunarum
772 2627 988 2686 exstant,
1050 2639 1175 2686 quae
1230 2624 1311 2672 hic
1363 2624 1580 2674 breviter
1638 2627 1853 2673 tractare

163 2723 338 2769 operae
371 2709 587 2769 pretium
618 2710 693 2756 est
723 2709 999 2770 propterea,
1024 2705 1156 2768 quod
1186 2720 1286 2752 non
1308 2704 1649 2755 Kohlmannus
1680 2706 1854 2768 solum,

163 2788 246 2835 sed
298 2790 450 2835 etiam
490 2786 607 2837 Otto
648 2788 827 2836 Mffller
872 2789 925 2835 in
976 2789 1221 2850 apparatu
1260 2787 1430 2836 critico
1469 2788 1552 2836 vix
1590 2788 1855 2849 quicquam

163 2867 222 2914 de
260 2869 351 2917 hac
390 2886 442 2917 re
483 2869 754 2929 adnotavit.
