2014 3138
715 87 1110 134 ACHILLEIDOS
1142 88 1191 132 L.
1223 88 1256 131 1.
1792 86 1826 138 5

147 226 309 279 litora
347 228 400 277 et
438 227 724 294 angustum
765 222 1005 275 dominas
1043 239 1153 274 non
1192 220 1423 290 explicat
1461 237 1660 290 aequor
1698 253 1770 257 —

95 379 98 383 ῃ
150 315 242 367 illa
283 313 520 366 discusso
560 311 794 380 primum
833 311 977 363 subit
1015 329 1135 362 aera
1171 313 1338 378 ponto
1377 329 1470 361 ——:
1789 330 1832 362 30

150 403 253 455 ‘me
291 402 425 470 petit
462 401 606 469 haec,
645 400 779 451 mihi
820 399 1021 452 classis'
1061 398 1151 467 ait,
1192 398 1420 450 ‘funesta
1459 397 1705 464 minatur,

150 506 380 560 agnosco
419 489 654 540 monitus
695 491 748 540 et
785 486 980 539 Protea
1018 504 1142 539 vera
1178 487 1432 538 locutum.

151 594 269 631 ecce
306 594 499 629 novam
538 575 752 627 Priamo
791 575 997 628 facibus
1038 575 1101 626 de
1139 591 1318 642 puppe
1355 573 1543 625 levatis

148 667 252 720 fert
289 664 512 717 Bellona
545 682 760 717 nurum:
799 663 952 716 video
993 663 1099 715 iam
1139 661 1285 714 mille
1325 660 1517 713 carinis

149 751 360 807 Ionium
398 751 777 822 Aegaeumque
815 750 1008 820 premi3
1032 767 1145 803 nec
1184 749 1398 818 sufficit,
1438 749 1610 801 omnis
1791 769 1833 802 35

152 841 294 911 quod
331 842 491 910 plaga
531 838 889 910 Graiugenum
928 838 1147 891 tumidis
1187 838 1428 891 coniurat
1466 836 1693 889 Atridis:

154 930 260 983 iam
299 930 489 999 pelago
530 930 789 996 terrisque
827 945 976 979 meus
1017 929 1298 995 quaeretur
1335 924 1587 977 AchiUes,

154 1021 207 1071 et
245 1019 391 1070 volet
429 1018 542 1085 ipse
582 1017 744 1084 sequi.
822 1015 950 1083 quid
989 1016 1131 1066 enim
1171 1013 1434 1067 cunabula
1470 1030 1634 1081 parvo

153 1104 343 1158 Pelion
383 1108 435 1157 et
472 1106 613 1157 torvi
652 1104 1015 1157 commisimus
1054 1106 1207 1154 antra
1244 1101 1525 1171 magistri?

154 1194 280 1261 illic,
317 1192 396 1244 nil
433 1194 605 1260 fallor,
643 1191 992 1260 Lapitharum
1031 1190 1234 1259 proelia
1273 1188 1410 1242 ludit
1795 1209 1838 1241 40

155 1281 411 1350 inprobus
452 1284 505 1332 et
542 1280 715 1348 patria
754 1280 859 1331 iam
900 1297 954 1331 se
993 1278 1212 1330 metitur
1250 1277 1307 1329 in
1344 1276 1512 1329 hasta.

157 1387 187 1422 o
228 1370 394 1437 dolor,
434 1386 464 1420 o
506 1369 609 1420 seri
649 1372 889 1420 materno
931 1367 986 1418 in
1026 1366 1183 1419 corde
1237 1366 1476 1418 timores!

155 1474 264 1509 non
294 1458 448 1525 potui
487 1457 686 1526 infelix,
726 1474 846 1508 cum
885 1455 1117 1524 primum
1158 1454 1369 1524 gurgite
1407 1455 1592 1505 nostro

155 1543 424 1596 Rhoeteae
464 1545 695 1597 cecidere
735 1543 927 1611 trabeS‚
966 1541 1212 1595 attollere
1250 1559 1504 1611 magnum

158 1650 354 1700 aequor
394 1636 446 1684 et
484 1633 673 1684 incesti
711 1631 992 1699 praedonis
1031 1631 1149 1683 vela
1186 1629 1452 1698 profunda
1798 1647 1841 1680 45

159 1723 474 1787 tempestate
514 1720 663 1787 sequi
702 1721 1024 1786 cunctasque
1063 1718 1257 1770 inferre
1298 1716 1539 1769 sorores?

158 1824 301 1860 nunc
332 1824 543 1874 quoque
574 1837 661 1874 ——,
694 1807 784 1858 sed
815 1806 1041 1875 tardum,
1080 1806 1187 1857 iam
1224 1806 1382 1872 plena
1421 1804 1616 1856 iniuria
1644 1806 1842 1871 raptae.

160 1895 249 1948 ibo
289 1899 468 1946 tamen
505 1895 788 1964 pelagique
828 1893 952 1945 deos
993 1893 1337 1960 dextramque
1377 1891 1608 1959 secundi,

163 1983 306 2050 quod
344 1985 597 2050 superest,
636 1982 913 2049 complexa
950 1979 1091 2033 Iovis
1131 1998 1226 2049 per
1264 1979 1500 2047 Tethyos
1540 1995 1706 2030 annos

164 2071 627 2141 grandaevumque
666 2073 870 2138 patrem
912 2070 1135 2137 supplex
1173 2066 1471 2119 miseranda
1509 2066 1710 2136 rogabo
1803 2085 1846 2118 50

161 2177 320 2212 unam
366 2156 630 2210 hiemem?
709 2157 843 2208 dixit
888 2174 1247 2226 magnumque
1293 2155 1349 2207 in
1387 2158 1628 2223 tempore
1666 2170 1845 2223 regem

163 2247 365 2314 aspicit.
442 2244 651 2298 Oceano
691 2245 938 2297 veniebat
977 2245 1042 2296 ab
1082 2245 1308 2312 hospite,
1347 2243 1544 2294 mensis

284 2404 532 2460 Exemplax
567 2408 621 2446 33
654 2404 710 2457 cf.
746 2402 824 2446 Ov.
858 2405 965 2446 met.
1000 2402 1083 2445 XII
1107 2408 1134 2445 4
1322 2405 1376 2444 36
1409 2402 1465 2455 cf.
1500 2400 1598 2444 silv.
1631 2398 1695 2442 111
1726 2403 1766 2453 2,
1792 2401 1848 2441 98

165 2461 435 2517 tumidoque
473 2461 593 2505 nihil
630 2462 809 2505 iuratus
841 2461 1047 2504 Atridae.
1249 2464 1301 2504 52
1335 2460 1393 2514 cf.
1427 2459 1524 2503 silv.
1558 2458 1622 2502 IV
1646 2462 1687 2512 2,
1713 2461 1768 2500 53
1785 2470 1847 2512 sq.

286 2611 340 2650 30
365 2606 449 2650 illa
480 2612 532 2650 P:
565 2606 650 2650 illa
679 2607 761 2651 ubi
785 2621 831 2651 ω
1004 2612 1058 2651 31
1084 2607 1159 2650 Me
1190 2606 1312 2662 petit
1341 2605 1545 2653 PQK022
1579 2603 1775 2660 Torpuit
1799 2602 1850 2644 cl

287 2700 341 2738 32
365 2695 561 2752 prothea
583 2698 697 2742 Pac
786 2677 906 2748 vssffia
938 2695 993 2743 αἱ
1129 2698 1183 2736 39
1217 2691 1504 2737 comissimus
1536 2697 1569 2733 P
1600 2691 1657 2745 cf.
1690 2705 1728 2734 v.
1758 2691 1850 2734 385

284 2757 342 2797 40
372 2753 441 2797 nil
471 2758 522 2796 1³:
555 2752 605 2795 ni
629 2765 674 2796 ω
794 2758 850 2796 43
881 2752 1081 2809 primum
1106 2752 1154 2795 in
1179 2751 1364 2808 gurgite
1389 2756 1416 2793 c
1537 2754 1592 2792 43
1624 2749 1729 2792 Non
1752 2749 1783 2792 i.
1809 2761 1848 2803 q.

167 2825 317 2858 nowne
340 2826 429 2857 esse
460 2812 636 2856 monuit
668 2810 885 2855 Menkius
1032 2815 1088 2854 44
1120 2809 1321 2853 Rhosaea
1347 2813 1400 2853 P:
1440 2808 1617 2866 Rethee
1649 2807 1719 2850 0²:
1759 2806 1850 2864 He-

168 2872 275 2929 thee
301 2872 351 2914 0¹
474 2874 525 2913 51
560 2871 767 2925 tempore
798 2870 999 2924 (pectore
1025 2871 1075 2925 Q)
1180 2881 1336 2925 regem
1360 2881 1426 2911 w:
1458 2865 1599 2925 rege}
1622 2866 1731 2923 (fuit
1754 2865 1795 2921 Γ)
1819 2870 1852 2906 P
