2014 3138
183 80 257 132 40
791 80 840 123 P.
873 79 1078 124 PAPINl
1110 79 1284 124 STATI

117 230 163 261 ΙΙ
181 215 290 269 huc
328 215 515 268 tuleris
555 215 810 283 varioque
850 233 1091 284 aspersas
1129 215 1376 268 nebridas
1410 215 1574 268 auro?
1928 250 1933 253 >
1974 279 1987 291 ,Ἴ

181 303 336 356 hisne
369 321 585 374 gravem
616 303 831 356 Priamo
856 303 1268 374 Phrygibusque
1300 303 1533 357 armabis
1556 302 1882 358 Achillem‘?'

332 392 413 444 illi
452 391 730 445 subridens
768 391 986 446 Ithacus
1025 394 1246 461 paulum
1287 411 1377 445 ore
1414 393 1636 445 remisso
1648 395 1671 445 ε’

118 496 162 527 45
186 480 339 534 ‘haec
377 481 493 550 tibi,
532 481 775 551 virginea
812 481 972 534 modo
1014 481 1059 534 si
1096 480 1416 550 Lycomedis
1457 481 1514 533 in
1552 482 1674 534 aula
1713 484 1794 537 est

183 569 371 622 fraude
409 568 598 638 latens,
635 571 778 622 ultro
819 570 1123 623 confessum
1162 570 1220 622 in
1258 569 1462 638 proelia
1502 569 1698 624 ducent
1818 591 1887 625 τεο

183 657 427 725 Peliden3
464 661 527 710 tu
566 660 759 711 cuncta
798 658 935 712 citus
976 659 1039 710 de
1079 677 1260 727 puppe
1299 661 1567 711 memento

172 747 338 815 ferre,
375 746 470 798 ubi
508 749 720 815 tempus
761 747 875 815 erit,
916 747 1254 815 clipeumque
1292 746 1377 799 his
1417 747 1638 816 iungere
1677 746 1848 815 doniS,

186 835 279 903 qui
318 834 544 903 pulcher
582 835 750 905 signis
791 853 1027 903 auroque
1067 835 1412 904 asperrimus3
1449 835 1604 888 hasta

119 941 163 972 50
185 923 318 977 haec
358 927 441 975 sat
480 923 600 976 erit:
640 926 820 977 tecum
857 924 994 976 lituo
1034 923 1207 976 bonus
1247 924 1387 976 adsit
1423 921 1655 994 Agyrtes

188 1013 562 1080 occultamque
600 1012 788 1064 tubam
827 1013 1021 1065 tacitos
1062 1012 1308 1082 adportet
1347 1013 1404 1064 in
1441 1011 1604 1064 usus.'
1822 1032 1890 1066 ‘185

337 1101 556 1170 dixerat,
595 1104 757 1169 atque
797 1101 915 1170 ipso
956 1104 1231 1170 portarum
1271 1101 1328 1152 in
1364 1100 1550 1153 limine
1587 1118 1768 1171 regem

189 1188 358 1241 cernit
397 1192 451 1241 et
490 1193 704 1242 ostensa
742 1207 929 1258 pacem
969 1189 1240 1258 praefatus
1281 1190 1442 1242 oliva:

189 1277 417 1348 ‘magna,
456 1296 590 1347 reor,
629 1278 942 1346 pridemque
981 1282 1100 1330 tuas
1141 1278 1384 1346 pervenit
1423 1277 1488 1329 ad
1527 1295 1680 1329 aures

121 1384 164 1414 55
189 1366 332 1418 fama
370 1366 536 1418 trucis
575 1366 719 1435 belli,
757 1384 944 1436 regum
983 1366 1359 1434 placidissime,
1401 1365 1546 1434 quod
1583 1383 1728 1417 nunc

188 1454 569 1523 Europamque
607 1452 901 1522 Asiamque
940 1455 1127 1522 quatit.
1206 1454 1251 1507 si
1289 1454 1509 1506 nomina
1546 1454 1685 1506 forte
1825 1474 1892 1507 τεο

189 1544 295 1596 huc
332 1544 537 1611 perlata
576 1542 786 1612 ducum,
824 1543 943 1595 fidit
983 1543 1177 1611 quibus
1216 1543 1361 1594 ultor
1401 1540 1640 1594 Atrides:

190 1623 279 1684 hic
318 1631 432 1699 tibi,
473 1649 632 1699 quem
670 1634 821 1684 tanta
859 1631 1135 1684 meliorem
1175 1631 1340 1699 stirpe
1383 1630 1583 1683 creavit

190 1720 563 1790 magnanimus
603 1719 830 1789 Tydeus,
868 1719 1069 1773 Ithacis
1109 1738 1210 1790 ego
1252 1720 1442 1772 ductor
1471 1718 1673 1772 Ulixes,

123 1825 168 1856 ⁶0
192 1827 351 1862 causa
388 1809 504 1861 viae
542 1840 615 1847 —
654 1811 890 1861 metuam
930 1808 1058 1877 quid
1097 1809 1238 1861 enim
1276 1808 1378 1860 tibi
1417 1810 1609 1861 cuncta
1645 1806 1816 1875 fateri,

311 2027 560 2084 Exempla:
613 2032 696 2071 730
731 2027 874 2072 VERG.
901 2028 1015 2071 Aen.
1049 2028 1069 2071 Ι
1097 2032 1181 2071 375
1216 2027 1254 2070 si
1286 2028 1462 2071 vestras
1502 2026 1622 2070 forte
1653 2039 1737 2083 per
1767 2025 1894 2069 auris

192 2085 358 2130 Troiae
382 2100 551 2131 nomen
576 2086 645 2131 iit.
694 2087 751 2141 cf.
786 2087 828 2129 II
854 2092 922 2131 81.
1074 2091 1158 2130 734
1190 2086 1247 2140 cf.
1274 2085 1417 2130 Theb.
1443 2085 1486 2129 V
1511 2089 1595 2129 623
1629 2085 1743 2142 quid
1767 2084 1892 2129 enim

192 2144 385 2189 timeam
417 2146 644 2189 moritura
675 2145 844 2190 fateri?

315 2355 398 2394 716
446 2351 549 2395 Huc
597 2366 663 2395 w:
711 2351 844 2395 Hauc
890 2356 922 2393 P
1060 2349 1281 2405 varioque
1331 2364 1398 2393 m:
1448 2349 1692 2404 variosque
1738 2353 1772 2391 P

196 2414 279 2452 717
305 2410 487 2466 priamo
511 2410 758 2466 phrigibus
782 2415 836 2454 P:
868 2409 1128 2467 phrygibus
1152 2409 1427 2465 priamoque
1451 2423 1497 2452 ω
1611 2407 1811 2452 armavis
1834 2411 1889 2452 P:

195 2470 402 2512 armatus
436 2473 490 2517 Q:
525 2483 759 2513 armamus
791 2474 910 2512 KcE
1023 2467 1193 2526 achille
1218 2472 1250 2510 P
1396 2472 1479 2511 718
1513 2466 1607 2511 Olli
1631 2472 1680 2511 0:
1713 2466 1892 2524 meque

196 2529 269 2583 (eae
298 2527 374 2571 Illi
400 2527 472 2584 αἳ)
500 2532 534 2576 Q.
668 2533 751 2571 719
784 2529 923 2572 modo
947 2542 1013 2572 w:
1048 2527 1171 2570 molo
1196 2532 1229 2569 P
1359 2530 1440 2569 721
1476 2527 1645 2570 cuncta
1677 2525 1796 2570 citus
1821 2540 1889 2570 w:

193 2587 492 2630 nunctacitus
524 2592 558 2629 P
710 2592 794 2631 723
826 2589 944 2631 inter
975 2599 1179 2642 auroque
1199 2587 1251 2630 'et
1282 2586 1563 2642 asperrimus
1594 2598 1764 2630 rasura
1795 2589 1891 2630 octo

194 2645 288 2700 fere
313 2646 568 2690 litterarum
591 2647 643 2689 in
668 2651 702 2695 Q,
809 2647 946 2690 hasta
969 2650 1022 2689 P:
1057 2645 1191 2689 ardet
1214 2660 1273 2689 ω.
1319 2646 1465 2690 locum
1489 2644 1715 2701 expedivit
1745 2644 1890 2689 Wila-

195 2705 446 2749 mowitzius
478 2708 600 2749 1893
626 2719 675 2761 p.
708 2708 769 2750 12
929 2709 1013 2748 724
1046 2705 1228 2761 acyrtes
1259 2708 1292 2746 P
1452 2707 1535 2746 727
1570 2704 1756 2747 ostensa
1786 2706 1889 2744 PK:

197 2765 436 2807 ostentans
470 2766 560 2819 (-ns
593 2765 699 2808 add.
734 2764 806 2821 α’)
841 2769 895 2812 Q:
937 2765 1143 2807 ostentat
1175 2768 1203 2806 c
1363 2766 1447 2806 728
1478 2761 1753 2819 pridemque
1783 2761 1891 2804 tuas

197 2823 389 2876 (vestras
423 2823 527 2866 add.
554 2837 587 2866 s.
615 2825 641 2866 l.
670 2823 742 2880 αἳ)
928 2827 1009 2866 731
1043 2822 1187 2865 ultior
1210 2826 1242 2864 P
1409 2825 1492 2864 732
1525 2820 1614 2863 Hic
1645 2821 1726 2875 (sic
1756 2817 1809 2861 0²
1837 2819 1890 2862 in

196 2883 304 2936 ras.)
488 2886 571 2924 733
612 2881 816 2938 it(}*)acis
856 2897 921 2927 w:
970 2882 1153 2924 ithacus
1193 2886 1226 2924 P
1406 2884 1491 2923 734
1531 2880 1698 2922 cuncta
1735 2876 1826 2921 tibi
1856 2881 1892 2920 P
