2014 3138
139 86 373 132 XXXVIII
740 84 946 132 Editoris
978 86 1227 144 praefatio.

139 229 345 276 ratione.
429 229 531 276 iam
584 229 677 276 etsi
731 227 956 275 codicum
1002 231 1164 282 QGK
1209 243 1303 290 ope
1354 225 1436 275 liic
1487 227 1593 275 illic
1649 241 1838 276 errores

137 310 428 357 manifestos
476 308 657 357 codicis
695 312 739 356 P
778 310 1023 371 corrigere
1068 309 1234 368 licuit,
1279 305 1448 356 tamen
1494 309 1671 371 paucis.
1713 307 1839 356 locis

139 418 212 424 ——
236 407 335 439 non
366 392 444 438 tot
477 393 598 452 quot
629 390 841 438 editores
864 390 1014 454 vulgo
1046 391 1228 452 putant
1257 415 1331 422 -——
1360 391 1528 438 tamen
1559 391 1674 437 ante
1706 404 1839 437 com-

141 488 342 520 munem
374 474 595 520 omnium
627 472 867 520 librorum
898 464 1139 538 fontem1)
1173 471 1481 533 corruptelae
1510 472 1841 532 inrepserunt.

140 554 439 616 ubicumque
478 570 594 602 vero
634 552 874 601 Puteanei
920 553 1154 601 lectiones
1194 553 1420 600 veritatis
1467 553 1678 614 speciem
1717 561 1837 613 prae

142 651 193 684 se
230 636 413 696 ferunt,
453 650 535 683 eas
575 633 843 683 servandas
883 649 986 682 esse
1024 635 1149 681 mihi
1181 647 1471 696 persuasum
1511 636 1584 681 est
1621 632 1701 681 vel
1738 647 1838 680 non

139 720 396 780 perspecta
442 717 845 778 interpolationis
891 717 945 763 in
984 717 1158 764 ceteris
1204 714 1345 762 libris
1383 716 1589 762 ratione.
1665 713 1838 775 pleris-

142 815 237 860 que
292 800 461 846 autem
514 799 636 846 locis
690 798 894 845 minime
948 796 1219 857 dubitabis,
1273 810 1360 843 cur
1409 795 1738 844 difficiliorem
1789 797 1840 842 et

143 881 501 944 elegantiorem
548 881 791 943 genuinae
829 877 1115 926 traditionis
1162 878 1424 926 lectionem
1463 877 1739 938 spreverint
1778 877 1843 936 ei,

143 963 230 1023 qui
268 964 469 1023 poetam
507 961 706 1009 facilem
745 960 1001 1007 intellectu
1038 958 1241 1007 reddere
1279 957 1526 1006 volebant.

250 1044 352 1090 iam
398 1045 666 1106 postquam
711 1042 970 1101 rationem,
1019 1056 1168 1102 quam
1213 1041 1267 1087 in
1312 1041 1453 1088 textu
1493 1038 1836 1087 constituendo

140 1124 438 1185 sequendam
472 1138 575 1171 esse
606 1137 793 1183 censeo,
816 1122 1034 1170 breviter
1057 1138 1146 1184 pro
1170 1122 1318 1169 huius
1341 1121 1439 1169 loci
1464 1120 1839 1182 opportunitate

140 1207 356 1267 exposui,
388 1220 548 1266 pauca
580 1204 722 1265 addo,
748 1219 874 1265 quae
905 1220 1003 1252 non
1036 1203 1098 1250 ab
1130 1204 1266 1251 omni
1296 1203 1439 1264 parte
1471 1215 1838 1264 supervacanea

141 1301 244 1334 esse
282 1285 509 1333 arbitror.
587 1285 827 1333 Achilleis
876 1286 1006 1332 enim
1052 1287 1166 1346 post
1211 1284 1399 1331 scholia
1442 1284 1495 1330 in
1535 1281 1837 1330 Thebaidem

142 1369 415 1429 composita
477 1368 772 1430 gravissima
833 1366 1011 1414 menda
1066 1366 1263 1412 videtur
1316 1366 1631 1413 contraxisse.
1723 1378 1839 1411 nam

142 1465 241 1496 uno
305 1450 411 1496 loco
475 1449 742 1512 genuinam
797 1448 1057 1495 lectionem
1113 1462 1223 1493 cum
1278 1445 1528 1494 Puteaneo
1583 1459 1840 1493 servavere

143 1527 421 1578 Thebaidos
468 1529 669 1577 scholia.
683 1522 725 1594 2)
802 1544 960 1590 neque
1006 1543 1123 1576 vero
1178 1542 1370 1589 semper
1423 1525 1570 1574 ambo
1618 1526 1840 1573 carmina

142 1613 405 1659 coniuncta
456 1612 608 1659 fuisse
657 1610 772 1657 inde
823 1611 956 1658 certo
1007 1608 1234 1669 efficitur,
1278 1607 1409 1669 quod
1452 1608 1567 1656 sunt
1611 1608 1840 1654 auctores

141 1689 277 1740 haud
316 1694 465 1755 pauci
505 1693 590 1754 qui
629 1690 931 1739 Thebaidem
970 1690 1120 1752 probe
1158 1692 1418 1750 noverunt,
1448 1687 1741 1736 Achilleidis
1778 1702 1840 1735 ne

143 1790 295 1821 unum
322 1773 522 1835 quidem
545 1774 710 1821 locum
733 1772 1075 1820 laudaverunt.
1122 1770 1426 1819 Achilleidos
1449 1771 1615 1818 autem
1638 1768 1865 1829 scholia,'

143 1858 185 1903 si
230 1857 283 1903 in
329 1871 383 1903 re
428 1854 619 1902 lubrica
666 1853 876 1902 necdum
923 1853 1044 1901 satis
1092 1852 1355 1914 disquisita
1403 1851 1558 1899 audeo
1606 1849 1840 1910 iudicare,

143 1953 253 1984 cum
293 1939 490 1998 praeter
528 1935 789 1984 verborum
829 1934 1069 1996 quasdam
1117 1934 1507 1995 simplicissimas
1545 1933 1841 1994 interpreta-

143 2020 301 2066 tiones
333 2017 459 2065 nihil
490 2018 592 2065 fere
623 2018 924 2076 contineant,
949 2015 1080 2077 quod
1111 2030 1211 2063 non
1241 2015 1363 2062 item
1389 2015 1546 2061 exstet
1575 2013 1627 2059 in
1650 2011 1844 2072 Servio,

144 2115 240 2146 non
281 2115 378 2146 una
419 2114 529 2146 cum
568 2097 846 2145 Thebaidos
886 2096 1085 2145 scholiis
1124 2095 1354 2143 videntur
1393 2096 1503 2142 orta
1542 2109 1658 2142 esse.

258 2181 483 2227 auctores
532 2178 662 2240 quod
710 2177 895 2239 addidi,
936 2179 1178 2238 quatenus
1224 2175 1332 2224 fieri
1370 2176 1535 2237 potuit
1571 2200 1645 2207 —-
1683 2189 1841 2234 neque

144 2263 274 2309 enim
315 2262 575 2322 quisquam
623 2260 702 2306 hic
741 2260 875 2306 viam
923 2259 1184 2319 aperuerat
1225 2283 1309 2315 ——,
1347 2257 1593 2303 neminem
1635 2254 1840 2302 moleste

144 2358 285 2404 spero
343 2356 446 2390 esse
499 2342 730 2388 laturum.
816 2340 981 2401 plures
1028 2339 1161 2386 locos
1207 2338 1449 2385 doctiores
1495 2336 1705 2384 fortasse
1755 2334 1840 2383 ad—

143 2426 319 2471 notare
358 2437 501 2485 posse
540 2422 673 2470 haud
712 2422 892 2483 nescio,
932 2437 1021 2484 ego
1056 2420 1243 2483 partim
1285 2434 1340 2466 ex
1381 2415 1677 2465 editionibus
1710 2418 1842 2466 vete-

144 2504 305 2564 ribus,
360 2505 542 2565 partim
604 2503 663 2550 de
716 2518 822 2549 meo
876 2516 1001 2562 quae
1060 2501 1367 2564 collegeram,
1413 2498 1568 2545 malui
1613 2499 1842 2559 quamvis

267 2697 310 2751 1)
343 2709 434 2751 quo
482 2695 639 2737 autem
686 2696 895 2749 tempore
934 2691 1159 2736 Puteanei
1199 2690 1339 2747 stirps
1380 2703 1411 2741 a„
1445 2689 1727 2746 reliquorum
1772 2689 1842 2731 di-

147 2775 308 2815 gressa
348 2761 429 2814 sit,
472 2760 637 2804 altiore
678 2762 725 2803 et
755 2759 945 2816 propria
978 2758 1249 2815 quaestione
1282 2771 1398 2813 opus
1430 2758 1520 2810 est,
1553 2768 1672 2812 quae
1703 2754 1842 2798 huius

145 2827 455 2882 praefationis
488 2827 677 2870 modum
710 2839 869 2869 vereor
899 2838 957 2869 ne
990 2826 1188 2881 superet.

267 2896 309 2950 2)
343 2894 399 2936 ef.
435 2894 539 2936 adn.
575 2892 675 2936 crit.
711 2892 770 2935 ad
803 2891 915 2935 Aeh.
942 2891 964 2934 Ι
989 2895 1086 2934 344.
