2014 3138
144 111 220 164 22
756 111 806 154 Ρ,
838 110 1044 155 ΡΑΡΙΝΙ
1076 110 1251 155 STATI

139 246 434 318 gymnadas
475 250 569 300 aut
607 245 791 300 lustris
830 263 1112 299 nemorum
1152 245 1383 300 concede
1422 239 1622 316 uagari.
1658 283 1664 297 s

138 336 282 388 intus
324 337 405 388 ale
445 339 499 388 et
539 335 741 388 similes
781 335 921 388 inter
958 334 1173 388 seclude
1212 335 1443 403 puellas3

135 423 293 477 litore
334 424 621 492 praecipue
659 427 928 493 portuque
968 441 1146 477 arcere
1185 425 1472 476 memento,
1773 443 1841 477 860

142 512 327 565 vidisti
367 513 526 564 modo
566 512 687 565 vela
723 512 1026 583 Phrygum:
1063 512 1171 564 iam
1210 514 1398 564 mutua
1436 511 1554 564 iura

137 601 323 654 fallere
362 600 708 653 transmissae
746 601 940 671 pelago
982 599 1214 653 didicere
1255 599 1500 653 carinae?

290 690 496 743 accedit
535 689 693 743 dictis
733 692 885 758 pater
923 689 1248 759 ingenioque
1286 687 1522 758 parentis

140 776 412 832 occultum
443 775 716 831 Aeaciden
738 808 812 814 —
837 777 956 846 quis
989 777 1173 830 divum
1211 776 1488 830 fraudibus
1529 775 1745 829 obstet?
1769 805 1845 814 --

138 866 358 935 accipit3
396 867 539 919 ultro
580 867 742 919 etiam
781 869 1065 918 veneratur
1103 865 1347 934 supplice
1387 865 1572 918 dextra
1777 883 1843 918 3⁶⁶

138 958 193 1008 et
231 959 407 1026 grates
448 957 649 1008 electus
689 954 823 1026 agit:
862 973 962 1008 nec
1000 954 1158 1007 turba
1196 953 1409 1022 piarum

139 1042 455 1112 Scyriadum
495 1046 667 1097 cessat
703 1043 872 1096 nimio
913 1044 1144 1114 defigere
1183 1042 1304 1095 visu

138 1132 363 1203 virginis
405 1150 497 1185 ora
534 1150 720 1200 novae,
760 1135 1020 1200 quantum
1061 1130 1266 1185 cervice
1307 1130 1582 1198 comisque

141 1221 373 1274 emineat
412 1224 778 1289 quantumque
817 1238 1029 1273 umeros
1070 1239 1132 1274 ac
1170 1221 1391 1288 pectora
1428 1219 1633 1271 fundat.

141 1309 335 1363 dehinc
374 1310 577 1363 sociare
617 1310 808 1362 choros
848 1310 1116 1377 castisque
1141 1308 1405 1362 ='accedere
1446 1307 1610 1361 sacris
1777 1327 1845 1360 svo

140 1398 438 1466 hortantur,
480 1398 780 1466 ceduntque
818 1398 939 1451 loco
981 1401 1034 1450 et
1074 1397 1383 1466 contingere
1424 1395 1676 1466 gaudent.

140 1487 371 1555 qualiter
407 1484 608 1539 Idaliae
647 1487 906 1554 volucreS‚
945 1486 1039 1537 ubi
1078 1484 1265 1537 mollia
1302 1484 1560 1554 frangunt

139 1575 341 1643 nubila,
380 1575 488 1627 iam
524 1574 750 1645 longum
791 1574 1045 1642 caeloque
1085 1573 1351 1641 domoque
1390 1574 1658 1643 gregatae,

140 1663 186 1716 si
226 1663 403 1716 iunxit
442 1663 633 1732 pinnas
674 1663 991 1731 diversoque
1030 1661 1247 1730 hospita
1285 1654 1463 1714 tractu

139 1751 287 1804 venit
325 1752 454 1820 avis,
493 1755 716 1805 cunctae
757 1752 991 1820 primum
1031 1750 1294 1803 mirantur
1333 1752 1386 1802 et
1423 1748 1666 1802 horrent:
1773 1767 1840 1803 375

141 1858 267 1894 mox
306 1841 527 1909 propius
568 1840 896 1909 propiusque
934 1840 1136 1909 volant,
1174 1842 1333 1906 atque
1373 1855 1492 1890 aere
1532 1837 1590 1889 in
1628 1835 1747 1905 ipso

142 1929 402 1997 paulatim
440 1929 613 1982 fecere
653 1947 804 1981 suam
844 1929 1141 1997 plausuque
1183 1926 1414 1980 secundo

143 2017 476 2071 circumeunt
514 2018 710 2069 hilares
751 2020 805 2069 et
844 2017 910 2069 ad
950 2017 1057 2069 alta
1097 2015 1295 2069 cubilia
1335 2015 1551 2068 ducunt.

267 2220 562 2265 Testimonia:
598 2223 682 2262 372
707 2220 855 2263 Pmsc.
881 2232 1073 2275 gramm.
1099 2218 1141 2260 Π
1167 2222 1266 2272 278,
1290 2222 1314 2260 3
1342 2219 1548 2274 (propter
1570 2216 1841 2261 vocabulum

144 2283 304 2337 grego)
343 2279 520 2323 Statius
560 2278 608 2321 in
641 2278 661 2320 I
693 2278 980 2322 Achilleidos
1015 2277 1238 2334 ‘qualiter
1267 2275 1446 2320 Idaliae
1486 2274 1718 2330 volucres,
1757 2274 1842 2319 ubi

144 2339 306 2454 rgnazlgig
344 2338 568 2394 frangunt
606 2337 794 2393 nubila,
842 2337 936 2381 iam
975 2337 1167 2392 longum
1207 2335 1429 2391 caeloque
1469 2334 1700 2391 domoque
1739 2345 1842 2390 gre-

266 2593 350 2633 358
384 2588 646 2644 Cymnadas
670 2591 703 2630 P
794 2585 995 2631 concede
1028 2587 1075 2641 (n
1099 2599 1132 2629 8.
1159 2599 1196 2629 v.
1224 2584 1331 2628 add.
1357 2584 1428 2640 Pl)
1559 2586 1644 2627 363
1676 2594 1845 2639 paren-

146 2647 207 2692 tis
239 2653 375 2691 PKC:
409 2650 625 2704 patentes
652 2650 686 2694 Q.
837 2648 920 2689 367
956 2643 1201 2699 Scyridum
1227 2647 1261 2691 Q
1373 2642 1518 2686 nimio
1551 2655 1618 2686 w:
1651 2641 1785 2686 niveo
1810 2643 1844 2684 P

267 2740 351 2779 369
392 2735 550 2779 fundit
582 2741 609 2777 c
799 2737 884 2777 370
918 2717 1064 2778 Dehib
1095 2736 1147 2775 P:
1185 2730 1304 2775 Dein
1336 2734 1426 2775 ωΕ
1458 2735 1500 2775 et
1533 2730 1634 2775 Otto
1669 2728 1845 2774 Malleo-

148 2798 267 2838 1861
295 2810 343 2850 p.
367 2798 425 2839 13
637 2797 722 2837 374
754 2805 930 2849 pennas
965 2795 999 2839 Q,
1150 2790 1443 2857 diversoque:
1494 2788 1674 2832 diverso
1722 2798 1843 2844 quae

151 2854 369 2897 Menkius
413 2858 573 2899 contra
619 2852 740 2897 Stati
785 2865 917 2896 usum
1100 2853 1184 2892 376
1231 2862 1423 2905 propius
1471 2861 1552 2892 om.
1585 2851 1666 2889 Px

150 2916 235 2955 378
269 2911 519 2955 Circueunt
551 2917 579 2954 c
