2014 3138
197 96 269 148 60
803 99 852 142 Ρ.
885 92 1091 144 PAPINI
1123 100 1304 145 STATI

39 246 83 276 ΙΙ
110 246 175 276 425
200 250 345 284 nunc
385 237 546 300 caput
584 234 712 285 aerii
754 235 1096 301 scandentem
1135 237 1390 304 prendere
1429 238 1644 306 montis,

197 338 303 387 quo
342 321 551 390 fugitur
588 339 683 390 per
714 323 875 390 plana
914 324 1096 393 gradU,
1135 324 1524 393 simulacraque
1555 344 1767 397 pugnae
1829 349 1895 383 ιω

194 409 437 476 excipere
476 409 725 462 inmissos
766 413 976 486 scutato
1019 412 1251 466 umbone
1298 415 1525 466 molares

194 498 543 564 ardentesque
583 516 755 550 errare
797 517 944 551 casas
984 500 1324 569 peditemque
1363 503 1594 555 volantis

195 585 380 636 sistere
421 586 780 656 quadriiugos.
859 588 1093 657 memini,
1131 589 1501 657 rapidissimus
1541 591 1655 643 ibat

102 686 170 717 430
193 673 453 725 imbribus
493 674 726 726 adsiduis
765 678 948 743 pastus
987 676 1307 746 nivibusque
1346 679 1534 731 solutis

194 760 479 829 Sperchios
519 763 773 831 vivasque
812 763 988 816 trabes
1029 768 1083 816 et
1121 784 1246 818 saxa
1284 766 1510 819 ferebat:
1823 790 1888 822 145

192 868 315 902 cum
354 869 438 902 me
477 851 568 902 ille
608 851 923 920 immissum,
963 870 1068 920 qua
1106 854 1313 907 saevior
1349 855 1581 923 impetus
1619 857 1805 924 undae,

192 942 329 990 stare
369 938 519 991 iubet
558 942 744 992 contra
782 941 1123 1009 tumidosque
1162 943 1420 1010 repellere
1458 944 1671 1012 fluctus,

191 1046 325 1094 quos
364 1028 454 1079 vix
494 1028 607 1095 ipse
649 1029 816 1097 gradu
854 1029 1055 1082 totiens
1095 1030 1342 1083 obstante
1380 1032 1604 1084 tulisset.

99 1128 165 1160 435
192 1115 398 1168 stabam
440 1117 701 1186 equidem,
740 1118 832 1169 sed
872 1135 956 1169 me
995 1118 1260 1182 referebat
1299 1120 1541 1173 concitus
1581 1121 1752 1174 amnis

189 1209 242 1255 et
278 1205 418 1257 latae
459 1205 631 1274 caligo
671 1205 852 1275 fugae:
891 1206 1036 1258 ferus
1076 1206 1167 1258 ille
1205 1207 1398 1259 minari
1658 1278 1663 1284 ο
1819 1230 1888 1263 ιω

190 1294 415 1361 desuper
453 1293 768 1346 incumbens
809 1294 1093 1362 verbisque
1131 1313 1358 1364 urguere
1396 1296 1668 1364 pudorem.

187 1400 284 1433 nec
323 1381 427 1433 nisi
467 1382 643 1433 iussus
683 1382 792 1434 abi:
833 1383 910 1434 sic
949 1401 1034 1434 me
1073 1383 1319 1435 sublimis
1359 1385 1553 1454 agebat

189 1471 373 1539 gloria,
411 1489 510 1523 nec
549 1470 668 1522 duri
707 1474 858 1522 tanto
900 1471 997 1523 sub
1039 1474 1174 1523 teste
1212 1472 1438 1524 labores.

97 1570 164 1601 440
185 1577 310 1610 nam
350 1560 539 1626 procul
578 1556 827 1610 Oebalios
868 1558 924 1611 in
960 1559 1147 1611 nubila
1185 1559 1410 1613 condere
1449 1560 1622 1614 discos

186 1651 240 1698 et
278 1646 538 1715 liquidam
576 1647 773 1699 nodare
812 1648 971 1715 palen
1009 1651 1062 1700 et
1101 1666 1348 1718 spargere
1389 1651 1612 1718 caestus,
1817 1670 1884 1704 155

184 1736 341 1787 ludus
383 1739 495 1787 erat
532 1736 848 1803 requiesque
888 1736 1045 1805 mihi3
1084 1755 1183 1789 nec
1221 1736 1392 1789 maior
1431 1737 1487 1788 in
1525 1737 1644 1790 istis

185 1825 360 1890 sudor,
399 1822 684 1892 Apollineo
726 1842 887 1891 quam
926 1823 1018 1876 fila
1057 1825 1301 1877 sonantia
1338 1826 1542 1893 plectro

186 1931 308 1964 cum
349 1915 623 1980 quaterem
661 1913 974 1981 priscosque
1015 1914 1184 1964 virum
1228 1913 1449 1966 mirarer
1487 1913 1730 1967 honores.

95 2014 161 2045 445
186 2001 315 2067 quin
355 2002 516 2053 etiam
558 2018 714 2053 sucos
755 2005 913 2068 atque
954 2001 1269 2053 auxiliantia
1308 2002 1508 2054 morbis

305 2150 388 2188 144
420 2147 477 2199 ef.
514 2144 593 2188 Ov.
623 2147 730 2189 met.
758 2145 862 2187 VIII
887 2151 986 2189 555.

305 2296 387 2335 139
419 2292 675 2348 praendere
707 2297 739 2334 P
886 2297 966 2335 141
1002 2294 1183 2335 scutato
1216 2297 1268 2335 P:
1314 2295 1502 2336 curvato
1536 2307 1603 2347 ως
1638 2294 1695 2347 cf.
1730 2292 1873 2336 Theb.

182 2351 221 2393 II
249 2355 330 2393 671
489 2356 570 2394 142
599 2365 751 2394 errare
775 2356 827 2394 P:
853 2351 1028 2394 intrare
1053 2365 1099 2395 ω
1205 2350 1414 2395 volantes
1439 2366 1484 2395 ω
1630 2355 1714 2395 145
1740 2350 1876 2408 Sper-

185 2410 283 2481 lhos
307 2444 339 2481 P
453 2440 671 2495 vivasque
695 2444 748 2483 P:
782 2438 1028 2495 vulsasque
1054 2454 1098 2482 ω
1245 2443 1328 2482 146
1363 2439 1463 2492 Qua
1488 2440 1538 2482 c¹
1676 2444 1759 2483 149
1793 2416 1875 2484 scd

180 2503 232 2541 P:
268 2512 351 2541 nec
384 2513 429 2541 ω
550 2498 783 2542 referebat
812 2502 845 2540 P
877 2501 982 2554 (-re-
1015 2512 1047 2541 s.
1084 2498 1110 2541 l.
1145 2498 1250 2542 add.
1276 2498 1348 2554 P¹)
1531 2503 1614 2543 150
1646 2497 1788 2556 fugae
1818 2503 1872 2542 P:

183 2557 282 2599 viae
315 2562 410 2599 Kc:
446 2571 517 2599 me
551 2572 598 2611 q3
629 2558 820 2614 fuyiunt
851 2571 904 2602 ea
935 2570 1051 2613 quae
1081 2558 1231 2601 armis
1260 2570 1409 2601 secum
1438 2557 1528 2611 fert
1679 2562 1762 2602 152
1795 2557 1872 2601 abi

179 2660 245 2688 w:
282 2645 377 2687 abii
403 2649 435 2686 P
573 2649 655 2688 153
688 2646 845 2688 tantos
870 2650 903 2687 P
1007 2630 1189 2688 labores
1213 2649 1265 2687 P:
1299 2644 1472 2688 laboris
1497 2660 1523 2698 q
1658 2650 1741 2689 154
1772 2644 1874 2689 Iam

180 2710 243 2755 qc
365 2703 572 2747 cubalios
606 2718 631 2756 q
808 2708 890 2747 155
933 2703 994 2747 Et
1026 2718 1092 2747 w:
1141 2703 1178 2746 E
1209 2708 1242 2745 P
1361 2704 1535 2748 nodare
1579 2705 1714 2759 (sicut
1753 2717 1871 2748 com·

180 2792 467 2836 'tumulaverat
496 2791 754 2836 Gronovius
778 2792 913 2835 diatr.
942 2806 989 2847 p.
1016 2792 1127 2847 258>
1151 2796 1203 2835 P:
1237 2792 1414 2836 nudare
1438 2807 1484 2836 ω
1606 2776 1784 2836 caestsss
1816 2791 1871 2833 P¹

300 2899 383 2937 156
416 2854 508 2947 illis
540 2896 592 2936 1²¹
778 2899 859 2937 157
893 2864 1074 2950 pleetb‘}
1105 2895 1157 2936 1³¹
