2014 3138
171 106 361 151 XXXIV
778 102 984 147 Editoris
1014 102 1262 159 praefatio.

174 247 484 310 explicantur
508 247 627 305 eius,
659 245 747 306 qui
776 243 959 291 librum
984 244 1229 304 exaravit3
1260 243 1348 304 qui
1371 240 1431 289 de
1454 255 1600 290 sensu
1629 241 1869 290 numeris-

174 345 268 391 que
292 329 440 391 plane
468 340 681 386 securus,
704 324 854 373 verba
877 323 1058 371 Latina
1089 324 1292 387 pingere
1318 324 1396 371 sat
1426 321 1614 370 habuit.
1671 321 1732 370 cf.
1756 336 1796 370 e.
1823 338 1869 386 g.

284 410 310 456 I
346 410 447 457 179
491 408 761 466 crimenque
800 410 851 460 Q
886 421 977 467 pro
1017 406 1287 463 crinemque

284 491 310 538 I
344 492 451 539 200
489 490 718 537 Destinat
755 492 806 542 Q,
842 503 932 549 pro
971 486 1190 534 Destinet

286 571 312 619 Ι
346 572 451 619 206
493 573 636 630 atque
672 570 914 628 inhospita
956 571 1006 621 Q
1043 583 1132 629 pro
1171 570 1316 626 atque
1349 566 1538 625 hospita

286 653 313 700 Ι
347 653 451 700 285
493 651 731 700 celerabat
770 654 820 704 Q
856 666 946 711 pro
987 648 1254 697 celebrabat

286 734 311 781 I
345 734 450 782 363
484 735 706 793 patentes
744 735 795 786 Q
832 746 922 792 pro
952 730 1176 789 parentis
1388 767 1391 771 Λ

286 815 313 862 Ι
345 815 451 862 438
485 828 567 862 ore
598 817 649 867 Q
677 828 768 875 pro
801 828 857 859 eo
891 811 1021 873 quod
1059 812 1112 858 in
1152 811 1420 872 archetypo
1458 809 1680 857 familiae
1713 811 1873 863 QKC

178 897 277 945 fuit
316 910 417 944 ora.
1615 933 1618 935 .

292 977 318 1024 Ι
351 978 455 1025 479
498 975 650 1023 libera
683 978 734 1029 Q
763 990 853 1036 pro
885 974 1028 1021 liuea.
1090 974 1279 1037 legerat
1308 975 1432 1034 puto
1465 971 1593 1020 liuea
1627 971 1873 1019 librarius.
1965 978 1969 982 '

289 1057 316 1106 I
339 1059 368 1106 6
378 1059 405 1105 7
414 1060 441 1105 7
462 1057 708 1116 claresque
721 1059 772 1110 Q
786 1071 876 1117 pro
893 1055 1182 1114 Olearosque,
1198 1053 1329 1116 quod
1342 1055 1586 1102 corrector
1596 1045 1876 1117 restituit.¹)

289 1140 315 1187 Ι
351 1139 454 1187 703
494 1137 579 1186 sed
617 1141 668 1191 Q
705 1153 794 1199 pro
834 1151 884 1183 se

292 1221 316 1268 I
352 1221 455 1268 717
498 1222 720 1267 armatus
760 1222 810 1272 Q
847 1233 936 1279 pro
975 1217 1206 1265 armabis.
1283 1218 1335 1263 in
1377 1215 1645 1278 exemplari
1682 1213 1878 1263 videtur

181 1304 331 1351 fuisse
371 1301 605 1350 arm-auis.

290 1383 315 1430 I
350 1382 454 1430 736
496 1381 654 1429 lutera
695 1384 745 1434 Q,
783 1396 872 1441 pro
913 1379 1055 1426 litora

290 1462 315 1511 I
349 1463 451 1511 831
496 1456 733 1512 curreites
773 1454 894 1526 (fuit
932 1453 1197 1526 curreutes)
1239 1463 1289 1513 Q
1327 1475 1416 1520 pro
1456 1461 1653 1507 curetes.

291 1545 473 1592 mirum
511 1545 564 1590 in
603 1542 804 1591 modum
850 1543 931 1589 hic
969 1541 1073 1588 illic
1112 1542 1165 1588 in
1203 1540 1465 1588 levissimis
1505 1540 1722 1601 peccatis
1761 1553 1874 1587 con-

182 1641 351 1676 sensus
391 1626 466 1673 est
501 1626 634 1672 inter
674 1623 864 1671 codices
902 1626 946 1670 1³
986 1624 1036 1670 et
1075 1626 1146 1677 Q:

292 1706 318 1754 Ι
351 1707 458 1755 460
497 1704 732 1752 classibus
769 1706 874 1757 PQ
911 1719 1000 1765 pro
1041 1703 1269 1751 cassibus,

292 1787 318 1836 I
351 1789 455 1835 499
497 1786 678 1837 cuoictis
715 1788 820 1839 PQ
857 1801 947 1847 pro
987 1786 1157 1832 cumcti.

294 1883 595 1931 quamquam
635 1883 696 1914 ne
734 1867 942 1913 nimium
989 1866 1065 1913 his
1112 1866 1233 1914 locis
1279 1865 1579 1926 tribuamuS,
1625 1862 1878 1913 admoneo.

187 1953 352 2013 potest
390 1950 521 1997 enim
560 1963 677 1996 casu
715 1948 902 1995 factum
944 1962 1059 2008 esse,
1108 1948 1163 1994 ut
1202 1948 1271 1994 eis
1311 1948 1586 2010 congruant
1629 1945 1708 1993 illi
1751 1944 1880 1993 libri.

189 2036 358 2080 tamen
383 2046 441 2077 ex
473 2031 558 2089 eis,
583 2045 709 2090 quae
739 2028 884 2076 modo
915 2029 1184 2089 posuimus,
1221 2027 1367 2075 facile
1399 2027 1724 2090 cognoscitur,
1754 2039 1882 2087 quae

189 2113 366 2160 librari
405 2112 470 2159 sit
508 2110 709 2158 indoles.
780 2125 896 2157 nam
937 2125 1047 2156 cum
1087 2111 1136 2157 et
1173 2111 1225 2156 in
1267 2112 1308 2156 Ο
1347 2109 1396 2155 et
1433 2109 1486 2155 in
1523 2111 1576 2155 K
1612 2106 1881 2168 interpola-

191 2197 349 2242 torem
380 2193 659 2255 grassatum
693 2205 795 2238 esse
828 2206 917 2251 pro
950 2190 1203 2251 explorato
1236 2191 1316 2250 sit,
1347 2191 1399 2236 in
1433 2192 1483 2243 Q
1513 2188 1638 2236 talia
1668 2187 1880 2250 vestigia

190 2290 287 2323 non
329 2274 536 2321 exstant.
599 2273 768 2332 itaque
806 2270 936 2318 hunc
976 2270 1190 2319 codicem
1230 2272 1415 2332 optime
1448 2269 1706 2330 archetypi
1735 2267 1881 2315 huius

187 2355 410 2402 familiae
450 2351 825 2401 similitudinem
866 2350 1065 2399 reddere
1103 2351 1281 2398 iudico.

297 2438 463 2482 tamen
512 2449 621 2481 cum
669 2449 757 2494 per
803 2433 999 2480 saecula
1045 2433 1287 2494 pessimae
1333 2432 1387 2478 in
1433 2444 1601 2478 omnes
1648 2429 1881 2493 vulgatae

188 2516 487 2564 recensionis
550 2513 701 2562 libros
756 2515 930 2575 poetae
986 2513 1267 2561 scholastici
1278 2505 1319 2577 2)
1373 2512 1672 2573 inrepserint
1731 2510 1882 2558 inter-

309 2710 351 2763 1)
384 2708 587 2762 laresque
618 2706 706 2750 hoc
738 2706 840 2749 loco
873 2704 1061 2749 exhibet
1093 2704 1237 2748 codex
1268 2701 1598 2747 Dommerichi.

307 2775 350 2829 2)
383 2772 440 2817 cf.
476 2772 603 2815 Svm’.
638 2771 739 2816 Snv.
773 2771 883 2815 dial.
917 2770 959 2813 H
982 2770 1078 2827 (ΠΙ)
1106 2773 1175 2824 10,
1200 2775 1227 2812 4
1258 2770 1480 2814 nimirum
1509 2773 1563 2813 ut
1591 2766 1715 2812 dixit
1737 2771 1877 2822 poeta

186 2839 335 2882 nescio
366 2840 468 2894 quis
501 2864 554 2870 -—
586 2839 761 2882 utimwr
791 2838 911 2882 euim
933 2849 1065 2881 versu
1086 2837 1321 2881 scolastico
1343 2835 1455 2892 quia
1477 2834 1596 2878 iuter
1618 2832 1879 2877 scolasticos

187 2904 455 2957 fabulamur
490 2931 541 2936 —
576 2904 671 2947 iam
704 2903 914 2959 sequitur
944 2901 1087 2945 Theb.
1114 2900 1220 2945 VIII
1246 2904 1345 2944 750.
