2014 3138
770 151 975 195 Editoris
1005 149 1251 207 praefatio.
1754 147 1861 192 XIII

335 292 483 341 Theb.
515 291 615 338 VII
649 291 752 340 583
794 291 996 338 trahwnt
1030 294 1096 338 P:
1137 289 1336 337 trahant
1375 301 1426 336 ω

517 372 617 419 VII
652 373 754 422 783
795 374 954 431 πίναξι.
993 375 1058 419 P:
1099 373 1302 429 atraque
1342 383 1392 417 ω

491 453 617 500 VIII
650 453 756 500 570
786 454 957 512 prim&
993 455 1060 499 P:
1090 453 1311 511 primum
1349 464 1400 498 ω

546 533 619 581 ΙΧ
652 534 759 582 350
798 535 1004 592 flamina
1041 526 1130 580 P¹:
1168 533 1376 591 flumina
1413 533 1538 579 Pru>

543 614 615 661 IX
651 615 750 662 741
795 627 977 675 anyues
1014 617 1078 661 P:
1117 627 1304 674 mzyues
1344 626 1395 660 ω

570 695 616 742 Χ
650 696 753 743 515
798 694 1035 744 Ormenas
1072 698 1138 742 P:
1181 693 1418 742 Ormerms
1457 707 1508 740 ω

571 776 617 823 Χ
651 777 754 824 522
795 769 1133 823 {omnum-Pl:
1171 776 1383 823 immane
1419 775 1544 822 wa

525 900 623 947 XII
694 900 759 947 75
801 862 979 963 wne-gnus
1016 893 1103 947 Pl:
1142 913 1321 946 mwnus
1360 912 1411 946 ω

523 981 620 1028 XII
656 982 757 1028 167
798 981 1090 1028 horruerwnt
1126 973 1214 1028 Pl:
1252 980 1545 1027 horrueram
1580 979 1704 1026 Pru)

444 1061 565 1109 th.
598 1062 623 1108 I
657 1063 761 1111 907
802 1065 965 1109 mutus
1002 1065 1068 1109 P:
1106 1062 1268 1108 mutas
1307 1073 1373 1107 ω.

169 1153 427 1212 praeterea
456 1151 552 1197 huo
582 1150 705 1198 facit
730 1150 1050 1198 commutatio
1083 1163 1208 1210 quae
1242 1149 1316 1196 est
1346 1147 1480 1195 faeta
1510 1147 1641 1194 inter
1670 1147 1864 1194 litteras

170 1247 206 1279 n
245 1233 295 1279 et
331 1246 388 1292 ας
428 1231 486 1279 of.

335 1348 483 1395 Theb.
543 1348 616 1395 VI
685 1349 754 1396 80
793 1310 1016 1407 Axyurzs
1053 1340 1120 1394 Pl

517 1428 617 1475 VII
650 1429 753 1476 183
793 1429 908 1475 uuis
945 1431 1010 1476 P:
1049 1429 1161 1475 imis
1200 1419 1305 1491 w1)

442 1537 446 1540 >
516 1509 615 1556 VII
648 1510 751 1557 613
783 1510 1002 1568 potuim
1039 1512 1104 1555 P:
1134 1507 1351 1567 potuitve
1393 1520 1444 1554 ω

544 1589 615 1636 IX
647 1590 751 1638 419
793 1589 922 1637 ulvis
960 1605 1018 1636 ex
1054 1588 1187 1636 ulnis
1226 1587 1435 1635 correxit
1473 1580 1540 1634 Pl

511 1670 609 1717 XII
642 1671 748 1718 300
787 1671 975 1718 iuvenis
1012 1673 1078 1716 P:
1115 1670 1312 1716 iwnonis
1354 1681 1405 1716 ω

174 1765 383 1814 forsitan
428 1766 674 1826 pertineat
711 1765 808 1812 hue
846 1766 1010 1826 etiam,
1055 1763 1186 1825 quod
1226 1763 1347 1811 th.
1378 1763 1403 1809 I
1438 1762 1540 1810 135
1581 1763 1748 1822 maarai
1786 1777 1864 1809 ex-

174 1847 370 1893 aratum
408 1848 481 1893 est
518 1846 572 1892 in
609 1844 857 1892 Puteaneo
895 1860 985 1906 pro
1025 1845 1239 1907 genuina
1271 1844 1481 1891 lectione
1511 1844 1687 1904 mayioi
1719 1857 1867 1904 quam

176 1926 326 1974 ceteri
374 1925 492 1972 libri
528 1925 678 1987 probe
720 1926 1142 1975 conservaverunt.

286 2005 460 2053 deinde
500 2006 682 2053 similes
715 2007 830 2054 sunt
861 2020 1047 2053 errores
1078 2005 1216 2053 velut
1248 2004 1396 2052 Theb.
1428 2003 1499 2051 XI
1531 2004 1655 2064 424,
1693 2003 1780 2051 ubi
1811 2018 1867 2050 ex

174 2087 274 2134 levi
312 2101 472 2133 errore
511 2086 822 2134 vehementer
859 2087 912 2133 in
950 2085 1201 2133 Puteaneo
1240 2086 1498 2146 peceatum
1537 2086 1622 2132 est.
1686 2099 1776 2146 pro
1814 2086 1870 2130 ut

177 2167 307 2214 enim
345 2168 399 2214 in
438 2182 549 2215 011111
586 2168 789 2230 legisset
828 2166 1074 2227 librarius,
1106 2166 1363 2228 sequentia
1394 2165 1456 2212 ad
1487 2165 1614 2213 hane
1644 2180 1867 2213 normam

178 2247 589 2294 accommodanda
636 2248 825 2295 censuit
870 2248 944 2294 ita
988 2248 1045 2293 ut
1089 2262 1178 2308 pro
1224 2249 1280 2294 ut
1314 2245 1522 2294 stimulis
1560 2246 1778 2293 eveniret
1813 2246 1868 2293 in

177 2327 406 2375 stimulos.
482 2327 614 2388 quod
659 2330 916 2389 peceatum
963 2328 1101 2376 auxit
1145 2342 1272 2375 unus
1319 2342 1377 2373 ex
1423 2327 1506 2387 eis,
1554 2327 1640 2387 qui
1684 2325 1866 2373 librum

176 2409 445 2468 posteriore
485 2410 647 2455 aetate
685 2409 923 2472 legerunt.
999 2424 1116 2455 nam
1157 2409 1422 2469 postquam
1459 2407 1729 2454 rectissime
1769 2407 1865 2454 dis-

178 2488 382 2534 crimina
420 2489 559 2536 certis
597 2490 794 2551 scripsit
823 2488 1069 2549 librariuS,
1108 2488 1340 2535 ultimum
1372 2501 1539 2535 versus
1571 2487 1865 2535 vocabulum

93 2605 95 2607 .
179 2568 449 2613 correctum
487 2570 561 2615 est
598 2562 811 2634 certos.2)
873 2571 981 2616 tum
1020 2567 1168 2615 Theb.
1210 2567 1307 2615 XII
1344 2568 1448 2615 465
1479 2569 1676 2627 premia
1714 2569 1862 2628 serip-

175 2647 285 2692 tum
324 2648 397 2694 est
435 2662 523 2707 pro
563 2651 776 2710 genuina
812 2650 1021 2697 lectione
1055 2650 1279 2708 praevia.

299 2802 341 2856 1)
367 2801 527 2843 eontra
550 2800 663 2843 th.
688 2801 710 2842 I
735 2806 818 2845 755
851 2803 969 2846 imus
993 2802 1178 2845 videtur
1200 2800 1454 2857 genuinum
1479 2813 1591 2855 esse,
1615 2800 1697 2844 ubi
1721 2800 1863 2844 ceteri

177 2864 287 2908 libri
316 2865 543 2921 praebent
573 2865 821 2910 lectionem
850 2881 983 2912 unus.

298 2933 341 2985 2>
372 2931 481 2974 hine
511 2931 795 2976 Kohlm2mni
827 2933 887 2976 ad
921 2934 1044 2976 hune
1075 2933 1229 2977 locum
1261 2932 1612 2977 adnotationem
1643 2932 1859 2989 corrigas.
