2014 3138
177 80 250 132 34
784 81 833 125 P.
867 81 1073 126 ΡΑΡΙΝἸ
1104 82 1278 128 STATI

175 216 331 269 lucus
369 214 641 286 Agenorei
681 217 926 270 sublimis
966 218 1033 270 ad
1072 219 1222 289 orgia
1259 218 1463 273 Bacchi

178 304 354 356 stabat
392 307 446 356 et
485 305 776 357 admissum
817 306 964 359 caelo
1003 325 1215 360 nemus:
1254 307 1416 360 huius
1457 309 1514 360 in
1553 310 1746 363 umbra

178 394 437 445 alternam
475 411 731 446 renovare
769 394 889 462 piae
928 395 1200 448 trieterida
1242 399 1438 449 matres
1811 420 1877 454 595

178 484 499 535 consuerant
537 481 871 550 scissumque
909 501 1073 551 pecus
1112 487 1359 553 terraque
1396 487 1636 539 revulsas

175 570 314 622 ferre
352 570 530 623 trabes
571 573 858 640 gratosque
898 572 996 624 deo
1037 576 1305 641 praestare
1343 574 1565 627 furores.

175 658 263 711 lex
301 659 492 728 procul
529 659 607 710 ire
646 677 839 712 mares:
880 660 1038 713 iterat
1075 665 1359 730 praecepta
1397 664 1656 716 verendus

172 747 381 816 ductor,
419 747 859 815 inaccessumque
897 748 1025 801 viris
1066 749 1292 803 edicitur
1330 754 1555 804 antrum.

173 853 273 888 nec
313 835 441 887 satis
482 838 583 887 est:
624 838 731 887 stat
768 836 875 888 fine
915 837 1038 890 dato
1078 839 1364 891 metuenda
1402 840 1645 892 sacerdos
1808 862 1874 895 eoo

174 924 524 992 exploratque
564 924 755 993 aditus,
793 942 862 977 ne
903 926 1022 993 quis
1061 929 1350 979 temerator
1389 927 1600 981 oberret

175 1012 386 1083 agmine
425 1012 672 1065 femineo,
749 1014 946 1067 tacitus
987 1014 1089 1066 sibi
1127 1015 1247 1067 risit
1284 1013 1541 1069 Achilles.

173 1100 328 1153 illum
367 1101 637 1171 virgineae
678 1101 960 1155 ducentem
1001 1103 1153 1173 signa
1194 1107 1435 1157 catervae

172 1207 474 1259 magnaque
507 1189 717 1242 difficili
756 1191 1052 1244 solventem
1083 1192 1335 1246 bracchia
1364 1196 1517 1246 motu

172 1309 245 1315 —
285 1281 338 1330 et
378 1296 534 1330 sexus
574 1278 774 1346 pariter
813 1280 964 1332 decet
1003 1283 1056 1332 et
1094 1281 1373 1335 mendacia
1410 1282 1595 1335 matris
1634 1314 1708 1320 -—
1807 1304 1872 1338 605

171 1366 434 1418 mirantur
473 1367 711 1419 comites,
787 1386 889 1421 nec
928 1368 1035 1420 iam
1074 1368 1436 1436 pulcherrima
1474 1370 1663 1424 turbae

171 1452 452 1506 Deidamia
491 1473 616 1507 suae
655 1458 974 1524 tantumque
1015 1457 1230 1509 admota
1268 1457 1497 1526 superbo

170 1542 406 1596 vincitur
442 1541 690 1613 Aeacide,
731 1547 990 1612 quantum
1029 1545 1225 1614 premit
1266 1545 1384 1615 ipsa
1423 1564 1645 1600 sorores.

171 1634 232 1683 ut
269 1649 396 1684 vero
437 1649 465 1683 e
505 1633 661 1684 tereti
701 1633 915 1685 demisit
951 1633 1173 1686 nebrida
1213 1635 1352 1687 collo

172 1723 513 1788 errantesque
553 1720 700 1772 sinus
739 1721 935 1774 hedera
975 1723 1195 1792 collegit
1234 1726 1288 1775 et
1326 1723 1433 1775 alte
1805 1746 1872 1779 ero

172 1808 339 1860 cinxit
376 1809 658 1877 purpureis
698 1809 949 1862 flaventia
987 1814 1231 1879 tempora
1268 1811 1416 1864 vittis

170 1897 506 1965 vibravitque
546 1898 696 1967 gravi
733 1899 1042 1951 redimitum
1081 1900 1283 1952 missile
1323 1900 1530 1969 dextra,

171 1985 400 2038 attonito
442 1989 549 2038 stat
586 1986 745 2038 turba
784 1990 932 2039 metu
974 1988 1246 2056 sacrisque
1284 1989 1484 2042 relictis

169 2073 325 2125 illum
364 2074 565 2125 ambire
604 2074 738 2127 libet
776 2093 1083 2144 pronosque
1123 2077 1368 2129 attollere
1406 2077 1602 2130 vultus.

169 2162 307 2227 talis,
340 2162 433 2213 ubi
466 2163 531 2213 ad
555 2162 765 2215 Thebas
798 2165 1116 2232 vultumque
1149 2163 1730 2237 animumquelremisit
1805 2186 1870 2220 615

288 2292 537 2347 Exempla:
573 2296 658 2336 608
691 2293 748 2347 cf.
784 2292 882 2336 silv.
908 2293 929 2335 Ι
955 2298 994 2347 2,
1023 2297 1106 2337 116
1140 2295 1368 2348 quantum
1400 2293 1598 2338 Latonia
1637 2295 1868 2352 nymphas

167 2349 298 2406 virgo
330 2350 511 2406 premit.

289 2472 375 2512 594
406 2469 573 2512 umbra
605 2483 671 2512 w:
705 2482 811 2513 ume
834 2474 869 2512 P
899 2470 996 2514 sine
1018 2484 1108 2514 ras.
1243 2474 1327 2513 595
1360 2470 1599 2514 Alternam
1626 2476 1680 2515 P:
1714 2470 1867 2517 Alter-

168 2541 280 2569 num
311 2542 357 2571 ω
478 2541 700 2571 renovare
739 2532 837 2572 PE:
885 2542 1100 2573 revocare
1141 2543 1186 2573 ω
1307 2529 1551 2574 trieterida
1587 2530 1865 2576 Gronovius:

167 2585 458 2641 triethynida
497 2587 596 2643 (del.
629 2587 702 2644 1³¹)
734 2591 786 2631 P:
834 2587 1072 2632 trieterica
1102 2592 1151 2631 k:
1200 2587 1414 2631 triateria
1444 2603 1490 2642 q:
1538 2588 1811 2633 triatherica
1843 2604 1866 2633 ο

289 2649 373 2688 596
401 2644 692 2701 spissumque
716 2650 750 2688 P
879 2651 964 2690 598
989 2646 1083 2690 Lex
1107 2661 1174 2690 w:
1200 2646 1299 2690 Rex
1322 2651 1356 2689 P
1485 2652 1568 2691 599
1596 2647 1810 2693 educitur
1832 2653 1866 2692 P

289 2708 374 2747 600
408 2706 478 2747 est
511 2706 605 2747 stat
629 2719 695 2748 ωε
731 2706 826 2748 stat
858 2707 928 2749 est
951 2710 984 2748 P
1116 2710 1200 2749 602
1235 2705 1324 2749 sibi
1348 2705 1453 2751 risit
1475 2711 1528 2750 P:
1563 2706 1755 2751 subrisit
1778 2711 1863 2759 qk:

169 2762 381 2806 subridet
405 2778 427 2805 ο
535 2762 719 2806 achillis
743 2768 776 2806 P
909 2768 992 2808 607
1017 2764 1276 2808 Deidamea
1299 2769 1333 2807 P
1476 2769 1561 2808 608
1587 2764 1808 2809 aeacidae
1831 2769 1866 2808 Ρ

288 2827 371 2864 609
406 2835 430 2865 e
461 2821 599 2866 tereti
631 2823 784 2879 vulyo:
833 2825 880 2867 et
910 2823 1048 2868 tereti
1079 2828 1166 2867 Po:
1210 2823 1381 2867 thereti
1413 2838 1440 2876 q
1471 2825 1600 2880 (quid
1629 2828 1659 2866 k
1688 2825 1865 2878 habeat,

168 2879 492 2925 Kohlmannus
522 2895 617 2925 non
647 2882 839 2939 indicat)
960 2882 1123 2926 nebria
1155 2897 1181 2935 q
1362 2887 1444 2926 611
1479 2882 1588 2927 vitis
1612 2886 1665 2926 P:
1699 2882 1807 2926 vitis
1841 2897 1864 2926 ο
