<?xml version="1.0" encoding="UTF-8"?>
<!DOCTYPE html PUBLIC "-//W3C//DTD XHTML 1.0 Transitional//EN"
    "http://www.w3.org/TR/xhtml1/DTD/xhtml1-transitional.dtd">
<html xmlns="http://www.w3.org/1999/xhtml" xml:lang="en" lang="en">
 <head>
  <title>
</title>
<meta http-equiv="Content-Type" content="text/html;charset=utf-8" />
  <meta name='ocr-system' content='tesseract 3.04.00' />
  <meta name='ocr-capabilities' content='ocr_page ocr_carea ocr_par ocr_line ocrx_word'/>
</head>
<body>
  <div class='ocr_page' id='page_1' title='image "./ppapinistatiachi00statuoft_0100.png"; bbox 0 0 2014 3138; ppageno 0'>
   <div class='ocr_carea' id='block_1_1' title="bbox 183 78 1281 131">
    <p class='ocr_par' dir='ltr' id='par_1_1' title="bbox 183 78 1281 131">
     <span class='ocr_line' id='line_1_1' title="bbox 183 78 1281 131; baseline 0.004 -11"><span class='ocrx_word' id='word_1_1' title='bbox 183 78 255 131; x_wconf 79' lang='lat'>50</span> <span class='ocrx_word' id='word_1_2' title='bbox 789 79 838 122; x_wconf 90' lang='lat' dir='ltr'>P.</span> <span class='ocrx_word' id='word_1_3' title='bbox 871 79 1081 123; x_wconf 80' lang='lat' dir='ltr'>PAPINI</span> <span class='ocrx_word' id='word_1_4' title='bbox 1107 78 1281 124; x_wconf 85' lang='lat' dir='ltr'><strong>STATI</strong></span> 
     </span>
    </p>
   </div>
   <div class='ocr_carea' id='block_1_2' title="bbox 85 214 1874 1786">
    <p class='ocr_par' dir='ltr' id='par_1_2' title="bbox 113 214 1519 282">
     <span class='ocr_line' id='line_1_2' title="bbox 113 214 1519 282; baseline 0.005 -21"><span class='ocrx_word' id='word_1_5' title='bbox 113 231 157 261; x_wconf 77' lang='grc' dir='ltr'>ιι</span> <span class='ocrx_word' id='word_1_6' title='bbox 178 214 425 267; x_wconf 85' lang='lat' dir='ltr'>vincitur.</span> <span class='ocrx_word' id='word_1_7' title='bbox 503 214 708 266; x_wconf 87' lang='lat' dir='ltr'>arcanis</span> <span class='ocrx_word' id='word_1_8' title='bbox 749 214 900 266; x_wconf 86' lang='lat' dir='ltr'>effert</span> <span class='ocrx_word' id='word_1_9' title='bbox 937 214 1250 282; x_wconf 91' lang='lat' dir='ltr'>pudibunda</span> <span class='ocrx_word' id='word_1_10' title='bbox 1285 215 1519 268; x_wconf 88' lang='lat' dir='ltr'>tenebris</span> 
     </span>
    </p>

    <p class='ocr_par' dir='ltr' id='par_1_3' title="bbox 90 302 1874 461">
     <span class='ocr_line' id='line_1_3' title="bbox 90 302 1604 372; baseline 0.005 -22"><span class='ocrx_word' id='word_1_11' title='bbox 90 319 157 349; x_wconf 72' lang='lat'>245</span> <span class='ocrx_word' id='word_1_12' title='bbox 181 302 460 354; x_wconf 81' lang='lat' dir='ltr'>Deidamia</span> <span class='ocrx_word' id='word_1_13' title='bbox 499 303 737 372; x_wconf 82' lang='lat' dir='ltr'>gradum,</span> <span class='ocrx_word' id='word_1_14' title='bbox 775 303 960 354; x_wconf 86' lang='lat' dir='ltr'>veniae</span> <span class='ocrx_word' id='word_1_15' title='bbox 998 321 1098 356; x_wconf 90' lang='lat' dir='ltr'>nec</span> <span class='ocrx_word' id='word_1_16' title='bbox 1136 304 1382 372; x_wconf 86' lang='lat' dir='ltr'>protinus</span> <span class='ocrx_word' id='word_1_17' title='bbox 1422 323 1604 357; x_wconf 89' lang='lat' dir='ltr'>amens</span> 
     </span>
     <span class='ocr_line' id='line_1_4' title="bbox 181 390 1874 461; baseline 0.004 -19"><span class='ocrx_word' id='word_1_18' title='bbox 181 391 348 442; x_wconf 90' lang='lat' dir='ltr'>credit</span> <span class='ocrx_word' id='word_1_19' title='bbox 387 394 439 442; x_wconf 88' lang='lat' dir='ltr'>et</span> <span class='ocrx_word' id='word_1_20' title='bbox 478 391 728 459; x_wconf 89' lang='lat' dir='ltr'>opposito</span> <span class='ocrx_word' id='word_1_21' title='bbox 770 391 1065 461; x_wconf 85' lang='lat' dir='ltr'>genitorem</span> <span class='ocrx_word' id='word_1_22' title='bbox 1104 393 1282 460; x_wconf 88' lang='lat' dir='ltr'>placat</span> <span class='ocrx_word' id='word_1_23' title='bbox 1319 390 1546 445; x_wconf 83' lang='lat' dir='ltr'><strong>Achille.</strong></span> <span class='ocrx_word' id='word_1_24' title='bbox 1807 416 1874 449; x_wconf 78' lang='lat'>920</span> 
     </span>
    </p>

    <p class='ocr_par' dir='ltr' id='par_1_4' title="bbox 252 478 1641 550">
     <span class='ocr_line' id='line_1_5' title="bbox 252 478 1641 550; baseline 0.002 -20"><span class='ocrx_word' id='word_1_25' title='bbox 252 479 487 531; x_wconf 73' lang='lat' dir='ltr'><strong>mittitur</strong></span> <span class='ocrx_word' id='word_1_26' title='bbox 524 478 869 547; x_wconf 80' lang='lat' dir='ltr'>Haemoniae,</span> <span class='ocrx_word' id='word_1_27' title='bbox 907 480 1116 550; x_wconf 90' lang='lat' dir='ltr'>magnis</span> <span class='ocrx_word' id='word_1_28' title='bbox 1157 480 1249 548; x_wconf 91' lang='lat' dir='ltr'>qui</span> <span class='ocrx_word' id='word_1_29' title='bbox 1287 479 1447 533; x_wconf 90' lang='lat' dir='ltr'>Pelea</span> <span class='ocrx_word' id='word_1_30' title='bbox 1485 482 1641 535; x_wconf 86' lang='lat' dir='ltr'>factis</span> 
     </span>
    </p>

    <p class='ocr_par' dir='ltr' id='par_1_5' title="bbox 177 568 1701 726">
     <span class='ocr_line' id='line_1_6' title="bbox 178 568 1701 638; baseline 0.003 -20"><span class='ocrx_word' id='word_1_31' title='bbox 178 568 400 635; x_wconf 89' lang='lat' dir='ltr'>impleat</span> <span class='ocrx_word' id='word_1_32' title='bbox 439 571 491 619; x_wconf 90' lang='lat' dir='ltr'>et</span> <span class='ocrx_word' id='word_1_33' title='bbox 532 568 756 621; x_wconf 79' lang='lat' dir='ltr'>classem</span> <span class='ocrx_word' id='word_1_34' title='bbox 796 568 1124 635; x_wconf 75' lang='lat' dir='ltr'>comitesque</span> <span class='ocrx_word' id='word_1_35' title='bbox 1163 569 1219 620; x_wconf 90' lang='lat' dir='ltr'>in</span> <span class='ocrx_word' id='word_1_36' title='bbox 1257 569 1462 636; x_wconf 88' lang='lat' dir='ltr'>proelia</span> <span class='ocrx_word' id='word_1_37' title='bbox 1499 573 1701 638; x_wconf 89' lang='lat' dir='ltr'>poscat.</span> 
     </span>
     <span class='ocr_line' id='line_1_7' title="bbox 177 654 1530 726; baseline 0.002 -19"><span class='ocrx_word' id='word_1_38' title='bbox 177 673 277 708; x_wconf 92' lang='lat' dir='ltr'>nec</span> <span class='ocrx_word' id='word_1_39' title='bbox 314 673 424 708; x_wconf 91' lang='lat' dir='ltr'>non</span> <span class='ocrx_word' id='word_1_40' title='bbox 463 659 517 707; x_wconf 92' lang='lat' dir='ltr'>et</span> <span class='ocrx_word' id='word_1_41' title='bbox 556 656 795 726; x_wconf 89' lang='lat' dir='ltr'>geminas</span> <span class='ocrx_word' id='word_1_42' title='bbox 833 659 1084 726; x_wconf 89' lang='lat' dir='ltr'>regnator</span> <span class='ocrx_word' id='word_1_43' title='bbox 1123 654 1340 726; x_wconf 84' lang='lat' dir='ltr'>Scyrius</span> <span class='ocrx_word' id='word_1_44' title='bbox 1380 657 1530 710; x_wconf 87' lang='lat' dir='ltr'>alnos</span> 
     </span>
    </p>

    <p class='ocr_par' dir='ltr' id='par_1_6' title="bbox 87 743 1871 992">
     <span class='ocr_line' id='line_1_8' title="bbox 87 743 1442 814; baseline 0.004 -23"><span class='ocrx_word' id='word_1_45' title='bbox 87 761 155 793; x_wconf 80' lang='lat'>250</span> <span class='ocrx_word' id='word_1_46' title='bbox 179 744 393 798; x_wconf 88' lang='lat' dir='ltr'>deducit</span> <span class='ocrx_word' id='word_1_47' title='bbox 432 761 626 814; x_wconf 90' lang='lat' dir='ltr'>genero</span> <span class='ocrx_word' id='word_1_48' title='bbox 666 745 911 812; x_wconf 85' lang='lat' dir='ltr'>viresque</span> <span class='ocrx_word' id='word_1_49' title='bbox 950 747 1169 796; x_wconf 84' lang='lat' dir='ltr'>excusat</span> <span class='ocrx_word' id='word_1_50' title='bbox 1206 743 1442 798; x_wconf 83' lang='lat' dir='ltr'>Achivis.</span> 
     </span>
     <span class='ocr_line' id='line_1_9' title="bbox 171 824 1871 902; baseline 0.002 -18"><span class='ocrx_word' id='word_1_51' title='bbox 171 824 306 885; x_wconf 45' lang='lat' dir='ltr'>&#39;tunc</span> <span class='ocrx_word' id='word_1_52' title='bbox 346 832 518 901; x_wconf 90' lang='lat' dir='ltr'>epulis</span> <span class='ocrx_word' id='word_1_53' title='bbox 559 836 876 900; x_wconf 88' lang='lat' dir='ltr'>consumpta</span> <span class='ocrx_word' id='word_1_54' title='bbox 915 832 1041 900; x_wconf 81' lang='lat' dir='ltr'>dies,</span> <span class='ocrx_word' id='word_1_55' title='bbox 1078 834 1400 902; x_wconf 73' lang='lat' dir='ltr'>tandemque</span> <span class='ocrx_word' id='word_1_56' title='bbox 1438 837 1699 888; x_wconf 88' lang='lat' dir='ltr'>retectum</span> <span class='ocrx_word' id='word_1_57' title='bbox 1804 855 1871 888; x_wconf 83' lang='lat'>925</span> 
     </span>
     <span class='ocr_line' id='line_1_10' title="bbox 175 921 1699 992; baseline 0.003 -20"><span class='ocrx_word' id='word_1_58' title='bbox 175 921 364 973; x_wconf 86' lang='lat' dir='ltr'>foedus</span> <span class='ocrx_word' id='word_1_59' title='bbox 404 923 458 972; x_wconf 90' lang='lat' dir='ltr'>et</span> <span class='ocrx_word' id='word_1_60' title='bbox 497 921 792 989; x_wconf 87' lang='lat' dir='ltr'>intrepidos</span> <span class='ocrx_word' id='word_1_61' title='bbox 831 939 940 973; x_wconf 86' lang='lat' dir='ltr'>nox</span> <span class='ocrx_word' id='word_1_62' title='bbox 980 921 1194 974; x_wconf 85' lang='lat' dir='ltr'>conscia</span> <span class='ocrx_word' id='word_1_63' title='bbox 1232 922 1410 992; x_wconf 89' lang='lat' dir='ltr'>iungit</span> <span class='ocrx_word' id='word_1_64' title='bbox 1447 926 1699 976; x_wconf 76' lang='lat' dir='ltr'>amantes,</span> 
     </span>
    </p>

    <p class='ocr_par' dir='ltr' id='par_1_7' title="bbox 324 1008 1816 1064">
     <span class='ocr_line' id='line_1_11' title="bbox 324 1008 1816 1064; baseline 0.003 -4"><span class='ocrx_word' id='word_1_65' title='bbox 324 1008 470 1061; x_wconf 90' lang='lat' dir='ltr'>illius</span> <span class='ocrx_word' id='word_1_66' title='bbox 511 1012 632 1061; x_wconf 89' lang='lat' dir='ltr'>ante</span> <span class='ocrx_word' id='word_1_67' title='bbox 673 1010 858 1062; x_wconf 89' lang='lat' dir='ltr'>oculos</span> <span class='ocrx_word' id='word_1_68' title='bbox 897 1028 1037 1062; x_wconf 87' lang='lat' dir='ltr'>nova</span> <span class='ocrx_word' id='word_1_69' title='bbox 1074 1010 1216 1062; x_wconf 90' lang='lat' dir='ltr'>bella</span> <span class='ocrx_word' id='word_1_70' title='bbox 1254 1014 1308 1062; x_wconf 90' lang='lat' dir='ltr'>et</span> <span class='ocrx_word' id='word_1_71' title='bbox 1345 1009 1592 1064; x_wconf 87' lang='lat' dir='ltr'>Xanthus</span> <span class='ocrx_word' id='word_1_72' title='bbox 1632 1014 1686 1064; x_wconf 89' lang='lat' dir='ltr'>et</span> <span class='ocrx_word' id='word_1_73' title='bbox 1723 1009 1816 1064; x_wconf 89' lang='lat' dir='ltr'>Ide</span> 
     </span>
    </p>

    <p class='ocr_par' dir='ltr' id='par_1_8' title="bbox 176 1095 1580 1168">
     <span class='ocr_line' id='line_1_12' title="bbox 176 1095 1580 1168; baseline 0.002 -19"><span class='ocrx_word' id='word_1_74' title='bbox 176 1095 567 1167; x_wconf 80' lang='lat' dir='ltr'>Argolicaeque</span> <span class='ocrx_word' id='word_1_75' title='bbox 605 1101 746 1150; x_wconf 87' lang='lat' dir='ltr'>rates</span> <span class='ocrx_word' id='word_1_76' title='bbox 787 1101 947 1166; x_wconf 89' lang='lat' dir='ltr'>atque</span> <span class='ocrx_word' id='word_1_77' title='bbox 987 1099 1129 1166; x_wconf 90' lang='lat' dir='ltr'>ipsas</span> <span class='ocrx_word' id='word_1_78' title='bbox 1171 1099 1375 1168; x_wconf 75' lang='lat' dir='ltr'>cogitat</span> <span class='ocrx_word' id='word_1_79' title='bbox 1412 1100 1580 1152; x_wconf 86' lang='lat' dir='ltr'>undas</span> 
     </span>
    </p>

    <p class='ocr_par' dir='ltr' id='par_1_9' title="bbox 86 1186 1871 1610">
     <span class='ocr_line' id='line_1_13' title="bbox 86 1186 1367 1255; baseline 0.003 -21"><span class='ocrx_word' id='word_1_80' title='bbox 86 1204 152 1234; x_wconf 77' lang='lat'>255</span> <span class='ocrx_word' id='word_1_81' title='bbox 176 1204 529 1255; x_wconf 89' lang='lat' dir='ltr'>auroramque</span> <span class='ocrx_word' id='word_1_82' title='bbox 567 1186 743 1239; x_wconf 85' lang='lat' dir='ltr'>timet:</span> <span class='ocrx_word' id='word_1_83' title='bbox 785 1204 905 1239; x_wconf 90' lang='lat' dir='ltr'>cara</span> <span class='ocrx_word' id='word_1_84' title='bbox 945 1187 1149 1239; x_wconf 84' lang='lat' dir='ltr'>cervice</span> <span class='ocrx_word' id='word_1_85' title='bbox 1187 1187 1367 1239; x_wconf 90' lang='lat' dir='ltr'>mariti</span> 
     </span>
     <span class='ocr_line' id='line_1_14' title="bbox 174 1275 1871 1344; baseline 0.004 -19"><span class='ocrx_word' id='word_1_86' title='bbox 174 1275 294 1326; x_wconf 86' lang='lat' dir='ltr'>fusa</span> <span class='ocrx_word' id='word_1_87' title='bbox 331 1275 459 1327; x_wconf 84' lang='lat' dir='ltr'>novi</span> <span class='ocrx_word' id='word_1_88' title='bbox 497 1275 745 1328; x_wconf 78' lang='lat' dir='ltr'>lacrimas</span> <span class='ocrx_word' id='word_1_89' title='bbox 785 1276 891 1326; x_wconf 89' lang='lat' dir='ltr'>iam</span> <span class='ocrx_word' id='word_1_90' title='bbox 932 1276 1094 1327; x_wconf 84' lang='lat' dir='ltr'>solvit</span> <span class='ocrx_word' id='word_1_91' title='bbox 1133 1278 1186 1327; x_wconf 90' lang='lat' dir='ltr'>et</span> <span class='ocrx_word' id='word_1_92' title='bbox 1226 1280 1455 1344; x_wconf 89' lang='lat' dir='ltr'>occupat</span> <span class='ocrx_word' id='word_1_93' title='bbox 1493 1279 1653 1330; x_wconf 79' lang='lat' dir='ltr'>artus,</span> <span class='ocrx_word' id='word_1_94' title='bbox 1805 1300 1871 1332; x_wconf 79' lang='lat'>930</span> 
     </span>
     <span class='ocr_line' id='line_1_15' title="bbox 177 1363 1728 1434; baseline 0.003 -20"><span class='ocrx_word' id='word_1_95' title='bbox 177 1363 521 1432; x_wconf 76' lang='lat' dir='ltr'>‘aspiciamne</span> <span class='ocrx_word' id='word_1_96' title='bbox 560 1364 754 1415; x_wconf 88' lang='lat' dir='ltr'>iterum</span> <span class='ocrx_word' id='word_1_97' title='bbox 794 1381 984 1430; x_wconf 90' lang='lat' dir='ltr'>meque</span> <span class='ocrx_word' id='word_1_98' title='bbox 1025 1364 1128 1416; x_wconf 87' lang='lat' dir='ltr'>hoc</span> <span class='ocrx_word' id='word_1_99' title='bbox 1167 1364 1223 1415; x_wconf 94' lang='lat' dir='ltr'>in</span> <span class='ocrx_word' id='word_1_100' title='bbox 1261 1367 1477 1432; x_wconf 84' lang='lat' dir='ltr'>pectore</span> <span class='ocrx_word' id='word_1_101' title='bbox 1517 1383 1728 1434; x_wconf 77' lang='lat' dir='ltr'>ponam,</span> 
     </span>
     <span class='ocr_line' id='line_1_16' title="bbox 174 1451 1514 1521; baseline -0.001 -16"><span class='ocrx_word' id='word_1_102' title='bbox 174 1451 440 1505; x_wconf 79' lang='lat' dir='ltr'>Aeacide?</span> <span class='ocrx_word' id='word_1_103' title='bbox 480 1470 768 1520; x_wconf 81' lang='lat' dir='ltr'>rursusque</span> <span class='ocrx_word' id='word_1_104' title='bbox 807 1454 929 1504; x_wconf 92' lang='lat' dir='ltr'>tuos</span> <span class='ocrx_word' id='word_1_105' title='bbox 969 1452 1255 1521; x_wconf 85' lang='lat' dir='ltr'>dignabere</span> <span class='ocrx_word' id='word_1_106' title='bbox 1293 1453 1514 1520; x_wconf 55' lang='lat' dir='ltr'>partus}&gt;</span> 
     </span>
     <span class='ocr_line' id='line_1_17' title="bbox 175 1540 1671 1610; baseline 0.001 -18"><span class='ocrx_word' id='word_1_107' title='bbox 175 1559 244 1592; x_wconf 88' lang='lat' dir='ltr'>an</span> <span class='ocrx_word' id='word_1_108' title='bbox 281 1540 518 1592; x_wconf 91' lang='lat' dir='ltr'>tumidus</span> <span class='ocrx_word' id='word_1_109' title='bbox 558 1540 895 1608; x_wconf 87' lang='lat' dir='ltr'>Teucrosque</span> <span class='ocrx_word' id='word_1_110' title='bbox 933 1540 1070 1592; x_wconf 88' lang='lat' dir='ltr'>lares</span> <span class='ocrx_word' id='word_1_111' title='bbox 1111 1544 1164 1592; x_wconf 91' lang='lat' dir='ltr'>et</span> <span class='ocrx_word' id='word_1_112' title='bbox 1203 1544 1358 1609; x_wconf 88' lang='lat' dir='ltr'>capta</span> <span class='ocrx_word' id='word_1_113' title='bbox 1394 1544 1671 1610; x_wconf 87' lang='lat' dir='ltr'>reportans</span> 
     </span>
    </p>

    <p class='ocr_par' dir='ltr' id='par_1_10' title="bbox 85 1628 1868 1786">
     <span class='ocr_line' id='line_1_18' title="bbox 85 1628 1584 1699; baseline 0.003 -23"><span class='ocrx_word' id='word_1_114' title='bbox 85 1646 152 1677; x_wconf 80' lang='lat'>2⁶0</span> <span class='ocrx_word' id='word_1_115' title='bbox 174 1628 434 1699; x_wconf 86' lang='lat' dir='ltr'>Pergama</span> <span class='ocrx_word' id='word_1_116' title='bbox 471 1629 741 1699; x_wconf 85' lang='lat' dir='ltr'>virgineae</span> <span class='ocrx_word' id='word_1_117' title='bbox 780 1629 929 1681; x_wconf 91' lang='lat' dir='ltr'>noles</span> <span class='ocrx_word' id='word_1_118' title='bbox 970 1628 1276 1682; x_wconf 87' lang='lat' dir='ltr'>meminisse</span> <span class='ocrx_word' id='word_1_119' title='bbox 1313 1629 1584 1681; x_wconf 73' lang='lat' dir='ltr'>latebrae?</span> 
     </span>
     <span class='ocr_line' id='line_1_19' title="bbox 175 1716 1868 1786; baseline 0.001 -17"><span class='ocrx_word' id='word_1_120' title='bbox 175 1718 304 1786; x_wconf 87' lang='lat' dir='ltr'>quid</span> <span class='ocrx_word' id='word_1_121' title='bbox 326 1736 523 1786; x_wconf 80' lang='lat' dir='ltr'>precer,</span> <span class='ocrx_word' id='word_1_122' title='bbox 546 1718 672 1769; x_wconf 86' lang='lat' dir='ltr'>heu!</span> <span class='ocrx_word' id='word_1_123' title='bbox 698 1717 982 1770; x_wconf 88' lang='lat' dir='ltr'>timeamve</span> <span class='ocrx_word' id='word_1_124' title='bbox 1006 1716 1189 1785; x_wconf 82' lang='lat' dir='ltr'>prius?</span> <span class='ocrx_word' id='word_1_125' title='bbox 1214 1717 1407 1784; x_wconf 87' lang='lat' dir='ltr'>quidve</span> <span class='ocrx_word' id='word_1_126' title='bbox 1426 1717 1584 1769; x_wconf 85' lang='lat' dir='ltr'>anxia</span> <span class='ocrx_word' id='word_1_127' title='bbox 1606 1717 1868 1786; x_wconf 87' lang='lat' dir='ltr'>mandem,</span> 
     </span>
    </p>
   </div>
   <div class='ocr_carea' id='block_1_3' title="bbox 171 1905 1867 2198">
    <p class='ocr_par' dir='ltr' id='par_1_11' title="bbox 171 1905 1867 2198">
     <span class='ocr_line' id='line_1_20' title="bbox 293 1905 1867 1950; baseline 0.001 -1"><span class='ocrx_word' id='word_1_128' title='bbox 293 1911 378 1950; x_wconf 84' lang='lat'>918</span> <span class='ocrx_word' id='word_1_129' title='bbox 418 1907 546 1950; x_wconf 85' lang='lat' dir='ltr'>Intus</span> <span class='ocrx_word' id='word_1_130' title='bbox 587 1906 646 1950; x_wconf 87' lang='lat' dir='ltr'>ab</span> <span class='ocrx_word' id='word_1_131' title='bbox 687 1906 903 1950; x_wconf 87' lang='lat' dir='ltr'>archanis</span> <span class='ocrx_word' id='word_1_132' title='bbox 944 1912 972 1948; x_wconf 84' lang='lat' dir='ltr'>c</span> <span class='ocrx_word' id='word_1_133' title='bbox 1086 1905 1198 1950; x_wconf 88' lang='lat' dir='ltr'>effer</span> <span class='ocrx_word' id='word_1_134' title='bbox 1236 1911 1269 1949; x_wconf 88' lang='lat' dir='ltr'>P</span> <span class='ocrx_word' id='word_1_135' title='bbox 1450 1910 1534 1949; x_wconf 89' lang='lat'>919</span> <span class='ocrx_word' id='word_1_136' title='bbox 1573 1906 1804 1950; x_wconf 87' lang='lat' dir='ltr'>Deidama</span> <span class='ocrx_word' id='word_1_137' title='bbox 1834 1911 1867 1949; x_wconf 93' lang='lat' dir='ltr'>P</span> 
     </span>
     <span class='ocr_line' id='line_1_21' title="bbox 292 1964 1863 2021; baseline 0.001 -12"><span class='ocrx_word' id='word_1_138' title='bbox 292 1979 451 2009; x_wconf 86' lang='lat' dir='ltr'>amens</span> <span class='ocrx_word' id='word_1_139' title='bbox 477 1980 543 2009; x_wconf 78' lang='lat' dir='ltr'>w:</span> <span class='ocrx_word' id='word_1_140' title='bbox 578 1968 737 2009; x_wconf 86' lang='lat' dir='ltr'>ament</span> <span class='ocrx_word' id='word_1_141' title='bbox 769 1967 887 2020; x_wconf 87' lang='lat' dir='ltr'>(-ent</span> <span class='ocrx_word' id='word_1_142' title='bbox 911 1966 1016 2009; x_wconf 83' lang='lat' dir='ltr'>add.</span> <span class='ocrx_word' id='word_1_143' title='bbox 1043 1967 1108 2021; x_wconf 59' lang='lat' dir='ltr'>Pr)</span> <span class='ocrx_word' id='word_1_144' title='bbox 1133 1969 1166 2007; x_wconf 87' lang='lat' dir='ltr'>P</span> <span class='ocrx_word' id='word_1_145' title='bbox 1288 1969 1373 2008; x_wconf 90' lang='lat'>920</span> <span class='ocrx_word' id='word_1_146' title='bbox 1406 1964 1624 2020; x_wconf 84' lang='lat' dir='ltr'>achillem</span> <span class='ocrx_word' id='word_1_147' title='bbox 1649 1967 1733 2021; x_wconf 90' lang='lat' dir='ltr'>(-m</span> <span class='ocrx_word' id='word_1_148' title='bbox 1757 1965 1863 2010; x_wconf 83' lang='lat' dir='ltr'>add.</span> 
     </span>
     <span class='ocr_line' id='line_1_22' title="bbox 171 2023 1749 2081; baseline 0 -13"><span class='ocrx_word' id='word_1_149' title='bbox 171 2028 238 2081; x_wconf 64' lang='lat' dir='ltr'>Pr)</span> <span class='ocrx_word' id='word_1_150' title='bbox 270 2030 303 2067; x_wconf 93' lang='lat' dir='ltr'>P</span> <span class='ocrx_word' id='word_1_151' title='bbox 462 2029 545 2067; x_wconf 89' lang='lat'>921</span> <span class='ocrx_word' id='word_1_152' title='bbox 579 2024 855 2068; x_wconf 87' lang='lat' dir='ltr'>haemoniae</span> <span class='ocrx_word' id='word_1_153' title='bbox 887 2028 939 2067; x_wconf 94' lang='lat' dir='ltr'>P:</span> <span class='ocrx_word' id='word_1_154' title='bbox 974 2023 1270 2067; x_wconf 87' lang='lat' dir='ltr'>haemoniam</span> <span class='ocrx_word' id='word_1_155' title='bbox 1302 2029 1399 2067; x_wconf 78' lang='lat' dir='ltr'>KG:</span> <span class='ocrx_word' id='word_1_156' title='bbox 1433 2023 1682 2068; x_wconf 82' lang='lat' dir='ltr'>haemonia</span> <span class='ocrx_word' id='word_1_157' title='bbox 1714 2028 1749 2072; x_wconf 80' lang='lat' dir='ltr'>Q,</span> 
     </span>
     <span class='ocr_line' id='line_1_23' title="bbox 171 2082 1747 2141; baseline -0.001 -14"><span class='ocrx_word' id='word_1_158' title='bbox 171 2084 355 2141; x_wconf 82' lang='lat' dir='ltr'>magnis</span> <span class='ocrx_word' id='word_1_159' title='bbox 387 2088 485 2126; x_wconf 84' lang='lat' dir='ltr'>PK:</span> <span class='ocrx_word' id='word_1_160' title='bbox 520 2084 680 2140; x_wconf 87' lang='lat' dir='ltr'>magni</span> <span class='ocrx_word' id='word_1_161' title='bbox 714 2087 785 2131; x_wconf 81' lang='lat' dir='ltr'>Qc</span> <span class='ocrx_word' id='word_1_162' title='bbox 909 2083 1047 2126; x_wconf 77' lang='lat' dir='ltr'>factis</span> <span class='ocrx_word' id='word_1_163' title='bbox 1081 2085 1138 2138; x_wconf 87' lang='lat' dir='ltr'>(-s</span> <span class='ocrx_word' id='word_1_164' title='bbox 1171 2083 1277 2126; x_wconf 84' lang='lat' dir='ltr'>add.</span> <span class='ocrx_word' id='word_1_165' title='bbox 1303 2084 1370 2138; x_wconf 68' lang='lat'>1³¹)</span> <span class='ocrx_word' id='word_1_166' title='bbox 1394 2087 1493 2126; x_wconf 82' lang='lat' dir='ltr'>PK:</span> <span class='ocrx_word' id='word_1_167' title='bbox 1527 2082 1642 2127; x_wconf 82' lang='lat' dir='ltr'>facti</span> <span class='ocrx_word' id='word_1_168' title='bbox 1675 2086 1747 2131; x_wconf 76' lang='lat' dir='ltr'>Qc</span> 
     </span>
     <span class='ocr_line' id='line_1_24' title="bbox 173 2142 1864 2198; baseline -0.001 -13"><span class='ocrx_word' id='word_1_169' title='bbox 173 2148 256 2186; x_wconf 90' lang='lat'>922</span> <span class='ocrx_word' id='word_1_170' title='bbox 290 2142 490 2198; x_wconf 85' lang='lat' dir='ltr'>Impleat</span> <span class='ocrx_word' id='word_1_171' title='bbox 529 2157 595 2186; x_wconf 79' lang='lat' dir='ltr'>w:</span> <span class='ocrx_word' id='word_1_172' title='bbox 643 2142 876 2198; x_wconf 87' lang='lat' dir='ltr'>Impleant</span> <span class='ocrx_word' id='word_1_173' title='bbox 906 2147 939 2184; x_wconf 92' lang='lat' dir='ltr'>P</span> <span class='ocrx_word' id='word_1_174' title='bbox 1084 2144 1249 2198; x_wconf 86' lang='lat' dir='ltr'>poscat</span> <span class='ocrx_word' id='word_1_175' title='bbox 1280 2147 1337 2185; x_wconf 83' lang='lat' dir='ltr'>K:</span> <span class='ocrx_word' id='word_1_176' title='bbox 1385 2147 1528 2198; x_wconf 75' lang='lat' dir='ltr'>posca</span> <span class='ocrx_word' id='word_1_177' title='bbox 1560 2144 1626 2198; x_wconf 77' lang='lat' dir='ltr'>(-a</span> <span class='ocrx_word' id='word_1_178' title='bbox 1656 2142 1762 2185; x_wconf 82' lang='lat' dir='ltr'>add.</span> <span class='ocrx_word' id='word_1_179' title='bbox 1795 2144 1864 2197; x_wconf 64' lang='lat' dir='ltr'>Pr)</span> 
     </span>
    </p>
   </div>
   <div class='ocr_carea' id='block_1_4' title="bbox 164 2214 1865 2874">
    <p class='ocr_par' dir='ltr' id='par_1_12' title="bbox 164 2214 1865 2874">
     <span class='ocr_line' id='line_1_25' title="bbox 171 2214 1865 2287; baseline -0.002 -13"><span class='ocrx_word' id='word_1_180' title='bbox 171 2236 223 2274; x_wconf 89' lang='lat' dir='ltr'>P:</span> <span class='ocrx_word' id='word_1_181' title='bbox 256 2232 454 2287; x_wconf 86' lang='lat' dir='ltr'>poscant</span> <span class='ocrx_word' id='word_1_182' title='bbox 486 2234 558 2278; x_wconf 77' lang='lat' dir='ltr'>QG</span> <span class='ocrx_word' id='word_1_183' title='bbox 733 2234 818 2273; x_wconf 87' lang='lat'>923</span> <span class='ocrx_word' id='word_1_184' title='bbox 850 2228 1310 2286; x_wconf 82' lang='lat' dir='ltr'>regnatoreschyrius</span> <span class='ocrx_word' id='word_1_185' title='bbox 1341 2234 1374 2271; x_wconf 94' lang='lat' dir='ltr'>P</span> <span class='ocrx_word' id='word_1_186' title='bbox 1540 2233 1625 2271; x_wconf 83' lang='lat'>924</span> <span class='ocrx_word' id='word_1_187' title='bbox 1665 2214 1865 2272; x_wconf 70' lang='lat' dir='ltr'>Dedivcit</span> 
     </span>
     <span class='ocr_line' id='line_1_26' title="bbox 173 2286 1864 2346; baseline -0.002 -12"><span class='ocrx_word' id='word_1_188' title='bbox 173 2293 301 2343; x_wconf 77' lang='lat' dir='ltr'>(corr.</span> <span class='ocrx_word' id='word_1_189' title='bbox 334 2290 405 2346; x_wconf 88' lang='lat' dir='ltr'>P¹)</span> <span class='ocrx_word' id='word_1_190' title='bbox 438 2294 471 2331; x_wconf 89' lang='lat' dir='ltr'>P</span> <span class='ocrx_word' id='word_1_191' title='bbox 653 2293 737 2332; x_wconf 84' lang='lat'>925</span> <span class='ocrx_word' id='word_1_192' title='bbox 778 2291 1005 2332; x_wconf 88' lang='lat' dir='ltr'>retectum</span> <span class='ocrx_word' id='word_1_193' title='bbox 1045 2293 1097 2332; x_wconf 91' lang='lat' dir='ltr'>P:</span> <span class='ocrx_word' id='word_1_194' title='bbox 1145 2290 1385 2344; x_wconf 86' lang='lat' dir='ltr'>receptum</span> <span class='ocrx_word' id='word_1_195' title='bbox 1417 2302 1483 2331; x_wconf 79' lang='lat' dir='ltr'>w:</span> <span class='ocrx_word' id='word_1_196' title='bbox 1531 2286 1758 2331; x_wconf 87' lang='lat' dir='ltr'>refectum</span> <span class='ocrx_word' id='word_1_197' title='bbox 1798 2288 1864 2331; x_wconf 86' lang='lat' dir='ltr'>vel</span> 
     </span>
     <span class='ocr_line' id='line_1_27' title="bbox 170 2347 1861 2404; baseline -0.001 -12"><span class='ocrx_word' id='word_1_198' title='bbox 170 2351 380 2392; x_wconf 82' lang='lat' dir='ltr'>retexum</span> <span class='ocrx_word' id='word_1_199' title='bbox 411 2348 699 2393; x_wconf 74' lang='lat' dir='ltr'>Schenkelius</span> <span class='ocrx_word' id='word_1_200' title='bbox 731 2351 856 2391; x_wconf 82' lang='grc'>1882</span> <span class='ocrx_word' id='word_1_201' title='bbox 880 2361 927 2403; x_wconf 80' lang='lat' dir='ltr'>p.</span> <span class='ocrx_word' id='word_1_202' title='bbox 956 2351 1041 2390; x_wconf 89' lang='lat'>101</span> <span class='ocrx_word' id='word_1_203' title='bbox 1054 2364 1069 2400; x_wconf 90' lang='lat'><em>;</em></span> <span class='ocrx_word' id='word_1_204' title='bbox 1108 2352 1318 2390; x_wconf 73' lang='lat' dir='ltr'>neutrum</span> <span class='ocrx_word' id='word_1_205' title='bbox 1358 2348 1579 2404; x_wconf 65' lang='lat' dir='ltr'>intellego,</span> <span class='ocrx_word' id='word_1_206' title='bbox 1611 2347 1756 2391; x_wconf 79' lang='lat' dir='ltr'>locum</span> <span class='ocrx_word' id='word_1_207' title='bbox 1787 2360 1861 2390; x_wconf 77' lang='lat' dir='ltr'>ex-</span> 
     </span>
     <span class='ocr_line' id='line_1_28' title="bbox 164 2403 1859 2463; baseline -0.001 -13"><span class='ocrx_word' id='word_1_208' title='bbox 164 2408 360 2463; x_wconf 81' lang='lat' dir='ltr'>plicavit</span> <span class='ocrx_word' id='word_1_209' title='bbox 398 2408 776 2452; x_wconf 79' lang='lat' dir='ltr'>Wilamowitzius</span> <span class='ocrx_word' id='word_1_210' title='bbox 809 2410 930 2450; x_wconf 79' lang='lat'>1893</span> <span class='ocrx_word' id='word_1_211' title='bbox 955 2420 1003 2461; x_wconf 79' lang='lat' dir='ltr'>p.</span> <span class='ocrx_word' id='word_1_212' title='bbox 1038 2410 1097 2449; x_wconf 87' lang='lat'>10</span> <span class='ocrx_word' id='word_1_213' title='bbox 1273 2409 1357 2448; x_wconf 90' lang='grc'>926</span> <span class='ocrx_word' id='word_1_214' title='bbox 1392 2404 1576 2448; x_wconf 86' lang='lat' dir='ltr'>conscia</span> <span class='ocrx_word' id='word_1_215' title='bbox 1607 2403 1764 2462; x_wconf 81' lang='lat' dir='ltr'>iungit</span> <span class='ocrx_word' id='word_1_216' title='bbox 1794 2419 1859 2449; x_wconf 78' lang='lat' dir='ltr'>w:</span> 
     </span>
     <span class='ocr_line' id='line_1_29' title="bbox 171 2463 1863 2522; baseline -0.001 -13"><span class='ocrx_word' id='word_1_217' title='bbox 171 2465 415 2522; x_wconf 83' lang='lat' dir='ltr'>coniungit</span> <span class='ocrx_word' id='word_1_218' title='bbox 445 2470 479 2508; x_wconf 91' lang='lat' dir='ltr'>P</span> <span class='ocrx_word' id='word_1_219' title='bbox 629 2469 711 2508; x_wconf 80' lang='grc'><strong>927</strong></span> <span class='ocrx_word' id='word_1_220' title='bbox 747 2465 945 2509; x_wconf 83' lang='lat' dir='ltr'>xanthos</span> <span class='ocrx_word' id='word_1_221' title='bbox 978 2468 1013 2512; x_wconf 78' lang='lat' dir='ltr'>Q,</span> <span class='ocrx_word' id='word_1_222' title='bbox 1166 2468 1250 2506; x_wconf 89' lang='lat'>928</span> <span class='ocrx_word' id='word_1_223' title='bbox 1284 2465 1425 2520; x_wconf 69' lang='lat' dir='ltr'>atqoe</span> <span class='ocrx_word' id='word_1_224' title='bbox 1464 2463 1590 2520; x_wconf 86' lang='lat' dir='ltr'>ipsas</span> <span class='ocrx_word' id='word_1_225' title='bbox 1621 2468 1675 2507; x_wconf 89' lang='lat' dir='ltr'>P:</span> <span class='ocrx_word' id='word_1_226' title='bbox 1721 2466 1863 2519; x_wconf 87' lang='lat' dir='ltr'>atque</span> 
     </span>
     <span class='ocr_line' id='line_1_30' title="bbox 170 2522 1862 2582; baseline -0.001 -14"><span class='ocrx_word' id='word_1_227' title='bbox 170 2525 265 2568; x_wconf 90' lang='lat' dir='ltr'>iam</span> <span class='ocrx_word' id='word_1_228' title='bbox 299 2527 364 2580; x_wconf 66' lang='grc'>(“’</span> <span class='ocrx_word' id='word_1_229' title='bbox 401 2525 585 2569; x_wconf 77' lang='lat' dir='ltr'>addidit</span> <span class='ocrx_word' id='word_1_230' title='bbox 614 2539 757 2580; x_wconf 79' lang='lat' dir='ltr'>supra</span> <span class='ocrx_word' id='word_1_231' title='bbox 780 2524 817 2567; x_wconf 84' lang='lat' dir='ltr'>i·</span> <span class='ocrx_word' id='word_1_232' title='bbox 843 2523 915 2580; x_wconf 69' lang='grc' dir='ltr'>α’)</span> <span class='ocrx_word' id='word_1_233' title='bbox 942 2527 994 2572; x_wconf 81' lang='lat' dir='ltr'>Q:</span> <span class='ocrx_word' id='word_1_234' title='bbox 1028 2522 1174 2582; x_wconf 50' lang='grc' dir='ltr'>ξβζίς</span> <span class='ocrx_word' id='word_1_235' title='bbox 1198 2522 1294 2566; x_wconf 85' lang='lat' dir='ltr'>iam</span> <span class='ocrx_word' id='word_1_236' title='bbox 1317 2528 1375 2566; x_wconf 82' lang='lat' dir='ltr'>K:</span> <span class='ocrx_word' id='word_1_237' title='bbox 1410 2525 1551 2579; x_wconf 83' lang='lat' dir='ltr'>atque</span> <span class='ocrx_word' id='word_1_238' title='bbox 1574 2522 1691 2566; x_wconf 88' lang='lat' dir='ltr'>haec</span> <span class='ocrx_word' id='word_1_239' title='bbox 1713 2522 1810 2566; x_wconf 87' lang='lat' dir='ltr'>iam</span> <span class='ocrx_word' id='word_1_240' title='bbox 1834 2527 1862 2565; x_wconf 84' lang='lat' dir='ltr'>c</span> 
     </span>
     <span class='ocr_line' id='line_1_31' title="bbox 288 2581 1861 2639; baseline -0.001 -13"><span class='ocrx_word' id='word_1_241' title='bbox 288 2589 394 2627; x_wconf 74' lang='lat' dir='ltr'>ante</span> <span class='ocrx_word' id='word_1_242' title='bbox 426 2588 510 2626; x_wconf 91' lang='lat'>929</span> <span class='ocrx_word' id='word_1_243' title='bbox 544 2586 758 2628; x_wconf 74' lang='lat' dir='ltr'>lacunam</span> <span class='ocrx_word' id='word_1_244' title='bbox 796 2584 924 2626; x_wconf 80' lang='lat' dir='ltr'>hiare</span> <span class='ocrx_word' id='word_1_245' title='bbox 949 2583 1134 2638; x_wconf 77' lang='lat' dir='ltr'>putavit</span> <span class='ocrx_word' id='word_1_246' title='bbox 1166 2582 1400 2626; x_wconf 81' lang='lat' dir='ltr'>Baehrens</span> <span class='ocrx_word' id='word_1_247' title='bbox 1580 2586 1663 2625; x_wconf 89' lang='grc'><strong>932</strong></span> <span class='ocrx_word' id='word_1_248' title='bbox 1698 2581 1861 2639; x_wconf 85' lang='lat' dir='ltr'>digna-</span> 
     </span>
     <span class='ocr_line' id='line_1_32' title="bbox 173 2640 1744 2698; baseline -0.001 -14"><span class='ocrx_word' id='word_1_249' title='bbox 173 2656 273 2686; x_wconf 93' lang='lat' dir='ltr'>vere</span> <span class='ocrx_word' id='word_1_250' title='bbox 305 2647 339 2685; x_wconf 93' lang='lat' dir='ltr'>P</span> <span class='ocrx_word' id='word_1_251' title='bbox 481 2645 644 2698; x_wconf 85' lang='lat' dir='ltr'>partus</span> <span class='ocrx_word' id='word_1_252' title='bbox 677 2648 734 2685; x_wconf 83' lang='lat' dir='ltr'>K:</span> <span class='ocrx_word' id='word_1_253' title='bbox 778 2644 940 2698; x_wconf 75' lang='lat' dir='ltr'>portus</span> <span class='ocrx_word' id='word_1_254' title='bbox 972 2644 1085 2688; x_wconf 81' lang='lat' dir='ltr'>PQc</span> <span class='ocrx_word' id='word_1_255' title='bbox 1253 2645 1337 2683; x_wconf 86' lang='lat'>933</span> <span class='ocrx_word' id='word_1_256' title='bbox 1370 2640 1679 2696; x_wconf 87' lang='lat' dir='ltr'>teuchrosque</span> <span class='ocrx_word' id='word_1_257' title='bbox 1710 2644 1744 2682; x_wconf 94' lang='lat' dir='ltr'>P</span> 
     </span>
     <span class='ocr_line' id='line_1_33' title="bbox 171 2698 1860 2756; baseline -0.001 -13"><span class='ocrx_word' id='word_1_258' title='bbox 171 2706 256 2744; x_wconf 86' lang='lat'>934</span> <span class='ocrx_word' id='word_1_259' title='bbox 288 2700 407 2745; x_wconf 85' lang='lat' dir='ltr'>nolis</span> <span class='ocrx_word' id='word_1_260' title='bbox 442 2705 513 2749; x_wconf 65' lang='grc' dir='ltr'>ΩΟ</span> <span class='ocrx_word' id='word_1_261' title='bbox 688 2705 771 2744; x_wconf 85' lang='lat'>935</span> <span class='ocrx_word' id='word_1_262' title='bbox 805 2700 1022 2744; x_wconf 85' lang='lat' dir='ltr'>mandem</span> <span class='ocrx_word' id='word_1_263' title='bbox 1053 2700 1207 2756; x_wconf 77' lang='lat' dir='ltr'>vulyo:</span> <span class='ocrx_word' id='word_1_264' title='bbox 1252 2700 1444 2742; x_wconf 88' lang='lat' dir='ltr'>tandem</span> <span class='ocrx_word' id='word_1_265' title='bbox 1475 2704 1507 2741; x_wconf 89' lang='lat' dir='ltr'>P</span> <span class='ocrx_word' id='word_1_266' title='bbox 1627 2711 1701 2742; x_wconf 88' lang='lat' dir='ltr'>-ve</span> <span class='ocrx_word' id='word_1_267' title='bbox 1731 2698 1860 2755; x_wconf 86' lang='lat' dir='ltr'>prius</span> 
     </span>
     <span class='ocr_line' id='line_1_34' title="bbox 169 2757 1860 2815; baseline -0.001 -14"><span class='ocrx_word' id='word_1_268' title='bbox 169 2760 338 2814; x_wconf 85' lang='lat' dir='ltr'>quidve</span> <span class='ocrx_word' id='word_1_269' title='bbox 370 2760 478 2803; x_wconf 85' lang='lat' dir='ltr'>inde</span> <span class='ocrx_word' id='word_1_270' title='bbox 510 2760 711 2815; x_wconf 87' lang='lat' dir='ltr'>precabo</span> <span class='ocrx_word' id='word_1_271' title='bbox 745 2760 850 2803; x_wconf 82' lang='lat' dir='ltr'>add.</span> <span class='ocrx_word' id='word_1_272' title='bbox 885 2760 960 2807; x_wconf 69' lang='grc' dir='ltr'>αἰ</span> <span class='ocrx_word' id='word_1_273' title='bbox 996 2757 1173 2810; x_wconf 87' lang='lat' dir='ltr'>Quidve</span> <span class='ocrx_word' id='word_1_274' title='bbox 1203 2771 1364 2814; x_wconf 85' lang='lat' dir='ltr'>precer</span> <span class='ocrx_word' id='word_1_275' title='bbox 1396 2759 1485 2801; x_wconf 90' lang='lat' dir='ltr'>heu</span> <span class='ocrx_word' id='word_1_276' title='bbox 1518 2757 1631 2814; x_wconf 86' lang='lat' dir='ltr'>quid</span> <span class='ocrx_word' id='word_1_277' title='bbox 1669 2757 1860 2800; x_wconf 85' lang='lat' dir='ltr'>timeam</span> 
     </span>
     <span class='ocr_line' id='line_1_35' title="bbox 168 2815 1861 2874; baseline -0.003 -13"><span class='ocrx_word' id='word_1_278' title='bbox 168 2819 297 2874; x_wconf 80' lang='lat' dir='ltr'>prius</span> <span class='ocrx_word' id='word_1_279' title='bbox 331 2832 460 2862; x_wconf 87' lang='lat' dir='ltr'>arma</span> <span class='ocrx_word' id='word_1_280' title='bbox 492 2819 563 2862; x_wconf 90' lang='lat' dir='ltr'>vel</span> <span class='ocrx_word' id='word_1_281' title='bbox 604 2818 759 2862; x_wconf 84' lang='lat' dir='ltr'>hostes</span> <span class='ocrx_word' id='word_1_282' title='bbox 793 2824 843 2873; x_wconf 78' lang='lat'>03</span> <span class='ocrx_word' id='word_1_283' title='bbox 890 2818 944 2861; x_wconf 82' lang='lat' dir='ltr'>de</span> <span class='ocrx_word' id='word_1_284' title='bbox 975 2823 1012 2859; x_wconf 80' lang='grc' dir='ltr'><strong>Κ</strong></span> <span class='ocrx_word' id='word_1_285' title='bbox 1044 2817 1156 2860; x_wconf 83' lang='lat' dir='ltr'>mihi</span> <span class='ocrx_word' id='word_1_286' title='bbox 1187 2831 1280 2862; x_wconf 68' lang='lat' dir='ltr'>‹noiz</span> <span class='ocrx_word' id='word_1_287' title='bbox 1317 2822 1491 2862; x_wconf 71' lang='lat' dir='ltr'>constat</span> <span class='ocrx_word' id='word_1_288' title='bbox 1523 2831 1544 2861; x_wconf 86' lang='lat' dir='ltr'>e</span> <span class='ocrx_word' id='word_1_289' title='bbox 1576 2815 1861 2861; x_wconf 81' lang='lat' dir='ltr'>Kohlmawni</span> 
     </span>
    </p>
   </div>
   <div class='ocr_carea' id='block_1_5' title="bbox 167 2878 347 2921">
    <p class='ocr_par' dir='ltr' id='par_1_13' title="bbox 167 2878 347 2921">
     <span class='ocr_line' id='line_1_36' title="bbox 167 2878 347 2921; baseline 0 0"><span class='ocrx_word' id='word_1_290' title='bbox 167 2878 347 2921; x_wconf 76' lang='lat' dir='ltr'>silentio</span> 
     </span>
    </p>
   </div>
  </div>
 </body>
</html>
