2014 3138
745 93 951 138 Editoris
982 93 1226 151 praefatio.
1662 97 1832 141 XXXV

140 235 442 297 polationes,
495 234 556 282 de
602 249 814 295 quarum
860 233 1118 297 generibus
1164 250 1292 282 nunc
1338 235 1493 283 fusius
1541 251 1685 299 agere
1731 254 1828 285 non

141 317 325 378 placet,
373 331 538 364 omnes
586 315 774 363 codices
820 316 1016 376 praeter
1052 314 1380 377 Puteaneum,
1433 318 1517 378 qui
1563 332 1688 365 unus
1737 318 1828 365 hoc

141 412 316 460 genere
363 396 688 458 corruptionis
727 397 894 456 vacat,
932 412 1021 457 per
1059 411 1108 444 se
1147 412 1323 458 parum
1362 397 1536 459 dignos
1573 397 1669 444 fide
1709 414 1827 459 esse,

142 478 434 539 quicumque
465 493 570 524 rem
602 478 826 524 accurate
858 479 1161 539 perspexerit
1190 478 1334 525 facile
1365 477 1460 525 sibi
1497 478 1824 540 persuadebit.

142 556 344 606 Carolus
383 557 581 620 quidem
618 556 800 606 Wotke
812 550 853 622 1)
893 574 1049 619 nuper
1086 560 1293 619 monuit,
1331 575 1391 606 ne
1432 559 1638 606 nimiam
1681 559 1827 607 fidem

138 638 427 687 haberemus
459 638 724 686 Puteaneo.
780 640 928 699 atque
962 638 1139 686 editori
1170 640 1449 687 cautissime
1480 640 1827 701 inquirendum

139 734 266 779 esse,
321 719 439 781 quid
492 721 598 781 ipse
636 719 875 767 Puteanei
920 719 1150 782 librarius
1197 721 1506 783 neglegentia
1553 723 1829 782 peccaverit

138 801 353 862 quidque
385 800 602 849 stultitia
632 800 732 861 ille,
758 801 842 861 qui
874 803 987 848 ante
1012 817 1123 848 eum
1155 817 1179 848 e
1210 801 1393 848 Iuliani
1418 802 1582 849 codice
1611 801 1832 849 Statium.

136 882 476 943 transcripsit,
506 897 597 945 ego
634 897 828 942 quoque
860 896 1042 929 censeo.
1113 884 1280 930 tamen
1320 883 1362 930 si
1392 883 1513 930 haec
1543 883 1826 944 dempseris,

138 977 280 1010 veras
334 963 435 1010 fere
488 962 670 1023 ubique
724 963 957 1010 lectiones
1012 963 1200 1010 elucere
1246 963 1369 1010 mihi
1415 980 1563 1024 quam
1616 966 1825 1011 maxime

135 1058 425 1105 persuasum
464 1044 551 1091 est.
627 1057 784 1104 neque
826 1044 955 1090 enim
994 1045 1164 1091 contra
1201 1043 1439 1091 Puteanei
1478 1045 1826 1092 auctoritatem

137 1123 406 1185 quidquam
451 1124 662 1185 protulit
705 1123 936 1171 Wotkius
984 1140 1140 1185 neque
1185 1125 1402 1186 proferet
1448 1141 1503 1172 ex
1551 1126 1620 1173 eis
1671 1125 1826 1185 libris,

138 1219 258 1264 quos
296 1204 402 1265 ipse
441 1203 503 1251 ad
543 1205 764 1251 criticam
796 1204 1032 1252 adhibuit.
1095 1205 1273 1252 eximia
1305 1207 1471 1253 autem
1502 1206 1648 1254 laude
1680 1222 1823 1268 quem

136 1285 340 1348 dignum
394 1299 496 1332 esse
550 1285 801 1333 existimat
854 1285 1068 1333 codicem
1124 1285 1493 1349 Sangallensem
1549 1288 1678 1347 865,
1733 1302 1823 1349 ego

135 1381 196 1412 ne
234 1365 374 1414 flocci
418 1365 617 1427 quidem
663 1366 814 1425 facio,
870 1367 911 1414 si
958 1366 1157 1428 quidem
1205 1383 1261 1415 ex
1308 1369 1453 1416 unius
1500 1368 1614 1416 libri
1661 1368 1823 1416 conla-

134 1446 290 1507 tione,
344 1462 494 1507 quam
538 1447 622 1493 ille
668 1446 856 1508 publici
901 1448 1023 1495 iuris
1069 1447 1208 1508 fecit,
1255 1450 1387 1496 certo
1429 1448 1647 1496 iudicare
1693 1448 1820 1496 licet.

133 1527 205 1573 nil
266 1528 395 1574 enim
456 1527 824 1575 demonstratur
884 1529 988 1575 eius
1050 1529 1343 1577 lectionibus
1397 1545 1454 1577 ex
1507 1531 1650 1590 parte
1712 1545 1821 1577 cum

134 1607 384 1655 Puteaneo
430 1608 870 1670 consentientibus,
918 1610 1015 1657 nisi
1060 1610 1192 1671 quod
1242 1610 1494 1658 verissime
1547 1612 1649 1657 iam
1703 1609 1821 1658 Otto

133 1688 314 1735 Mffller
324 1681 367 1755 ²)
399 1689 731 1749 contenderat,
764 1690 957 1737 saeculo
990 1690 1276 1739 duodecimo
1309 1706 1334 1738 e
1366 1691 1653 1739 monasterii
1688 1693 1821 1739 tene—

132 1768 234 1815 bris
280 1770 586 1830 protractum
634 1785 736 1817 esse
782 1769 1099 1818 Puteaneum.
1185 1773 1321 1819 cuius
1366 1773 1439 1818 rei
1483 1773 1822 1819 testimonium

134 1850 462 1897 certissimum
507 1851 559 1896 in
606 1850 715 1911 ipso
755 1850 919 1898 codice
959 1853 1155 1898 exstant
1193 1852 1538 1900 adnotationes
1578 1853 1820 1914 quaedam

132 1929 224 1977 hoc
261 1930 362 1976 fere
400 1932 621 1992 tempore
660 1930 902 1992 adpictae,
942 1931 1119 1992 quibus
1153 1947 1322 1980 versus
1362 1933 1600 1993 quosdam
1644 1936 1729 1980 aut
1769 1934 1820 1980 in

133 2010 421 2073 vulgaribus
459 2010 598 2058 libris
638 2027 736 2059 non
774 2012 891 2058 ferri
932 2014 1019 2060 aut
1057 2013 1222 2060 deesse
1260 2014 1313 2060 in
1342 2017 1387 2061 P
1426 2013 1620 2061 dicitur.
1690 2014 1818 2061 unde

134 2093 342 2152 apparet
378 2092 540 2152 ipsum
580 2091 795 2139 codicem
826 2108 936 2139 cum
976 2094 1087 2140 aliis
1128 2109 1187 2141 ea
1226 2095 1386 2141 aetate
1422 2109 1524 2142 esse
1555 2095 1816 2142 conlatum.

134 2173 428 2232 quicumque
467 2174 632 2219 autem
664 2172 828 2221 sobrio
858 2188 974 2221 usus
1012 2173 1195 2222 iudicio
1234 2174 1286 2221 id
1320 2175 1505 2236 fecerit,
1544 2191 1654 2223 eum
1692 2192 1816 2238 nego

132 2267 232 2299 non
269 2253 486 2313 potuisse
527 2268 815 2315 cognoscere
848 2257 1033 2315 quanto
1066 2257 1263 2316 superet
1294 2254 1571 2303 Puteaneus
1604 2271 1700 2316 eos,
1733 2258 1818 2316 qui>

131 2334 250 2380 tunc
289 2333 770 2395 circumferebantun,
807 2334 972 2382 libros.
1049 2336 1219 2397 itaque
1258 2352 1316 2384 ex
1355 2352 1411 2384 eo
1449 2352 1565 2384 vera
1604 2338 1656 2383 in
1696 2336 1817 2383 alio-

132 2428 244 2458 rum
286 2413 523 2461 librorum
560 2415 782 2477 margine
821 2414 1070 2477 adscripta
1111 2431 1213 2464 esse
1251 2432 1350 2464 non
1387 2416 1640 2464 mirabere.
1719 2433 1816 2477 quo

133 2492 320 2540 factum
343 2495 432 2553 est,
463 2496 520 2540 ut
549 2495 759 2542 mixtum
789 2495 913 2542 illud
938 2512 1088 2559 genus
1113 2498 1409 2558 proveniret,
1433 2497 1570 2545 cuius
1594 2497 1814 2544 innume-

101 2591 103 2593 ·
131 2573 313 2620 rabiles
344 2573 445 2620 fere
477 2574 663 2622 codices
695 2575 877 2637 ubique
909 2578 1272 2625 conservantur.
1334 2579 1391 2624 ut
1420 2577 1513 2625 hoc
1551 2577 1658 2625 loco
1691 2577 1813 2624 alios

131 2653 361 2700 omittam
392 2680 464 2685 -—
497 2669 535 2700 e.
569 2671 612 2717 g.
647 2653 900 2703 Gudianus
934 2657 1000 2704 52
1035 2658 1098 2704 ad
1139 2658 1267 2704 hunc
1309 2657 1529 2705 ordinem
1570 2659 1814 2719 pertinere

253 2817 295 2871 1)
327 2814 356 2857 l.
390 2814 419 2858 1.
452 2829 496 2871 p.
532 2819 628 2858 218.

251 2883 295 2936 2)
326 2879 488 2924 Electa
518 2880 733 2924 Statiana
763 2897 806 2937 p.
843 2887 909 2926 12.
