2014 3138
715 106 1112 152 ACHILLEIDOS
1145 107 1193 150 L.
1226 107 1259 150 I.
1769 106 1840 159 29

151 244 477 314 increpitans
517 261 712 314 magno
753 245 931 295 vatem
970 239 1262 296 Calchanta
1298 242 1536 294 tumultu

150 332 478 386 Protesilaus
519 332 594 384 ait
632 362 705 368 —
743 348 974 398 namque
1013 330 1141 384 huic
1178 329 1379 382 bellare
1420 329 1612 398 cupido

152 420 439 490 praecipua
462 423 516 471 et
547 418 749 488 primae
781 418 887 470 iam
919 422 1050 471 tunc
1074 419 1196 470 data
1220 417 1393 488 gloria
1415 418 1603 470 mortis
1634 438 1721 470 —2
1779 438 1844 471 495

153 508 205 561 ‘o
244 508 470 559 nimium
508 506 717 559 Phoebi
753 507 1132 575 tripodumque
1173 506 1338 558 oblite
1376 509 1608 573 tuorum,

155 595 484 664 Thestoride,
525 596 736 664 quando
779 614 871 648 ora
910 595 1006 647 deo
1046 612 1293 663 possessa
1331 594 1572 647 movebis

152 684 345 736 iustius
384 687 477 736 aut
517 683 769 752 quianam
806 682 1094 737 Parcarum
1135 683 1346 736 occulta
1383 682 1660 735 recludes?

156 772 328 827 cernis
366 775 428 824 ut
473 771 721 842 ignotum
761 771 941 825 cuncti
981 774 1336 839 stupeantque
1374 774 1724 838 premantque

154 858 460 914 Aeaciden?
536 860 752 912 sordent
790 860 953 929 vulgo
995 857 1319 927 Calydonius
1358 859 1514 911 heros
1784 878 1849 911 500

156 951 210 1001 et
247 965 442 1019 magno
484 948 696 1018 genitus
736 946 1024 999 Telamone
1063 945 1307 1015 Aiaxque
1347 947 1626 1015 secundus,

153 1053 252 1089 nos
299 1054 532 1104 quoque:
581 1036 673 1087 sed
710 1035 922 1088 Mavors
970 1038 1022 1087 et
1060 1034 1220 1087 Troia
1266 1035 1486 1103 abrepta
1531 1033 1850 1103 probabunt·

155 1124 310 1176 illum
349 1123 608 1194 neglectis
647 1155 720 1160 —
758 1123 923 1191 pudet
962 1124 1088 1175 heu!
1130 1155 1199 1160 —
1240 1123 1551 1176 ductoribus
1592 1140 1775 1175 omnes

156 1212 475 1282 belligerum
516 1230 613 1265 ceu
651 1229 851 1263 numen
888 1215 1083 1263 amant.
1161 1211 1247 1264 dic
1287 1211 1436 1264 ocius
1475 1214 1568 1263 aut
1608 1228 1702 1263 cur

157 1303 298 1352 serta
337 1300 504 1353 comis
544 1303 598 1352 et
635 1300 836 1351 multus
875 1299 1083 1351 honos‘?
1145 1299 1339 1367 quibus
1379 1299 1591 1351 abditus
1632 1298 1739 1351 oris
1787 1319 1850 1352 5ο5

160 1404 330 1455 quave
369 1387 520 1440 iubes
558 1388 750 1439 tellure
788 1387 937 1455 peti?
979 1406 1104 1439 nam
1142 1387 1286 1439 fama
1324 1405 1424 1440 nec
1462 1386 1628 1439 antris

158 1473 406 1527 Chironis
445 1475 618 1543 patria
655 1493 755 1528 nec
793 1475 983 1545 degere
1021 1474 1210 1527 Peleos
1251 1475 1385 1527 aula.

158 1563 294 1631 heia,
332 1564 578 1632 inrumpe
618 1563 744 1615 deos
784 1566 838 1615 et
875 1563 986 1615 fata
1023 1562 1246 1615 latentia
1283 1581 1432 1631 vexa,

160 1651 561 1721 laurigerosque
601 1651 768 1721 igneS‚
808 1651 854 1703 si
894 1651 1120 1718 quandO,
1160 1650 1498 1703 avidissimus
1537 1650 1711 1702 hauri!

102 1742 103 1746 ’
160 1756 309 1790 arma
346 1739 609 1791 horrenda
645 1739 748 1791 tibi
788 1756 1079 1806 saevosque
1117 1738 1419 1790 remisimus
1459 1756 1624 1806 enses,
1790 1758 1855 1791 510

162 1816 456 1894 numquam
495 1827 591 1878 has
631 1826 855 1879 inbelles
895 1825 1048 1896 galea
1085 1825 1354 1878 violabere
1392 1826 1577 1879 vittas:

161 1915 254 1967 sed
291 1914 422 1967 felix
459 1931 787 1982 numeroque
827 1915 1022 1967 ducum
1060 1914 1417 1983 praestantior
1457 1913 1619 1982 omni,

157 2003 210 2073 ‘si
248 2020 504 2072 magnum
542 2001 742 2055 Danais
781 2021 879 2071 pro
918 2006 972 2054 te
1012 2002 1266 2070 dependis
1304 2000 1609 2056 Achillem?

282 2118 532 2173 Eoeempla:
574 2121 658 2160 493
690 2117 833 2161 VERG.
859 2117 973 2160 Aen.
1005 2117 1049 2160 H
1078 2122 1161 2160 122
1201 2119 1356 2161 vatem
1394 2131 1565 2174 magno
1599 2115 1857 2162 Calchanta

163 2176 371 2220 tumultu
401 2176 635 2232 protrahit
665 2176 715 2219 in
745 2176 936 2220 medios.

285 2282 372 2321 494
404 2278 505 2334 agit
535 2283 568 2320 P
719 2283 804 2322 495
838 2278 989 2334 gloria
1020 2282 1117 2322 PE:
1151 2278 1286 2334 copia
1318 2292 1364 2322 ω
1515 2281 1602 2321 498
1637 2277 1858 2333 quianam

164 2341 219 2380 P:
260 2350 491 2392 quaenam
522 2351 567 2380 ω
577 2353 594 2391 ,·
639 2337 697 2391 cf.
735 2337 1067 2391 Gustafssonus
1096 2341 1219 2381 1900
1244 2350 1293 2392 p.
1319 2340 1410 2380 494
1558 2341 1644 2379 499
1679 2336 1857 2380 cunctis

164 2398 244 2442 PQ.
341 2397 648 2451 premantque
672 2400 779 2440 Pw:
805 2395 1098 2451 fremantque
1122 2400 1157 2438 E
1175 2396 1410 2439 Baehrens
1559 2399 1645 2438 500
1671 2395 1859 2439 sordent

166 2457 219 2496 P:
246 2453 401 2496 sordet
432 2467 478 2497 ω
628 2458 713 2497 502
740 2456 787 2498 et
809 2459 862 2498 P:
897 2454 978 2498 sed
1002 2469 1048 2498 ω
1158 2453 1353 2509 abrepta
1376 2458 1429 2496 P:
1464 2455 1650 2509 arrepta
1674 2469 1733 2497 ω.
1781 2454 1857 2498 ab·

166 2515 342 2566 reptam
378 2512 563 2556 Troiam
593 2513 797 2570 intelleye
826 2514 873 2557 vi
903 2514 991 2558 cito
1022 2517 1204 2568 captam
1339 2516 1422 2555 503
1455 2511 1677 2556 neclectis
1708 2517 1741 2554 P

107 2623 110 2625 -
167 2601 256 2641 504
275 2612 411 2665 ‘quur
440 2603 473 2640 P
652 2604 737 2643 505
781 2600 955 2644 multus
998 2605 1050 2643 P:
1090 2571 1246 2643 mdtus
1290 2570 1324 2656 (l
1362 2613 1475 2643 ‘num
1518 2600 1575 2648 αι
1615 2600 1859 2655 scripserit,

166 2657 343 2712 dubzto)
392 2660 445 2704 Q:
492 2658 647 2700 mutus
687 2660 812 2715 (utus
851 2661 903 2702 in
940 2673 1032 2703 ras.
1072 2658 1138 2709 0⁸)
1172 2664 1267 2701 cK:
1315 2657 1443 2701 mitis
1485 2658 1744 2703 Gronovius

167 2715 316 2758 antris
342 2720 370 2757 G
503 2719 588 2758 506
620 2715 748 2760 iuves
772 2722 805 2759 P
937 2721 1022 2760 508
1053 2730 1168 2760 vexa
1199 2719 1239 2773 (r
1268 2730 1411 2772 supra
1441 2731 1471 2759 x
1502 2718 1608 2761 add.
1643 2731 1699 2760 m.
1725 2717 1785 2759 al.
1811 2717 1859 2772 P)

290 2778 374 2816 509
419 2773 694 2829 Laurigeros
739 2779 773 2823 Q
953 2779 1035 2818 511
1085 2775 1222 2831 galea
1268 2775 1502 2818 violabere
1545 2790 1616 2818 w:
1672 2774 1860 2830 galeare

171 2831 344 2875 violare
384 2834 470 2888 (-re
513 2833 595 2876 del.
629 2833 700 2888 P1)
731 2838 765 2875 P
945 2838 1030 2876 512
1061 2833 1375 2889 praestantior
1413 2835 1550 2890 (-rae-
1581 2835 1634 2876 in
1663 2846 1752 2877 ras.
1786 2835 1859 2888 Pr)

293 2895 376 2934 513
411 2891 493 2948 Sig
525 2891 624 2948 (del.
651 2891 723 2947 Pl)
747 2896 780 2933 P
929 2906 1013 2947 pro
1045 2893 1093 2935 te
1126 2891 1350 2948 dependis
1383 2893 1442 2949 (-e
1475 2891 1552 2935 de·
1584 2892 1636 2935 in
1665 2906 1755 2936 ras.
1781 2897 1860 2945 P13
