2014 3138
176 82 367 127 XXXV1
782 79 988 126 Editoris
1018 80 1264 139 praefatio.

176 223 303 272 mihi
340 223 536 272 videtur
573 223 791 283 itemque
821 221 1131 269 Monacensis
1174 223 1241 270 14
1259 221 1381 282 557,
1420 220 1479 268 de
1518 236 1616 282 quo
1649 219 1872 269 Gustafs-

179 319 327 353 sonus
368 305 470 368 egit
507 305 561 350 in
600 301 1096 352 commentationibus
1126 301 1452 350 Vahlenianis
1490 318 1537 364 p.
1570 302 1678 349 494
1691 315 1762 363 sq.
1793 328 1874 364 —,

177 387 284 448 ipse
317 401 463 447 quem
493 384 725 433 Wotkius
763 385 896 431 tanti
935 385 1219 432 aestimavit
1257 382 1408 431 codex
1440 381 1777 446 Sangallensis
1810 382 1874 430 ad

179 467 429 528 exemplar
461 466 664 528 aliquod
697 467 971 514 correctum
1009 464 1276 513 secundum
1306 463 1613 512 Puteaneum
1651 464 1731 512 vel
1771 465 1875 512 eius

179 548 446 612 gemellum
477 547 619 596 redit.
682 563 799 595 nam
831 546 961 608 quod
995 562 1105 594 eum
1139 545 1322 593 librum
1352 544 1541 594 duobus
1580 545 1702 593 locis
1733 560 1876 594 veras

178 630 417 678 lectiones
465 629 624 677 solum
662 629 925 675 retinuisse
970 627 1055 675 ille
1103 627 1352 688 autumat,
1400 626 1521 674 satis
1559 625 1732 674 mirari
1777 642 1877 674 non

173 726 391 772 possum.
457 711 613 759 altero
645 711 777 758 enim
807 710 914 756 loco
949 708 1096 756 Theb.
1123 707 1149 755 Ι
1173 710 1277 757 291
1320 722 1431 756 011111
1468 708 1666 756 verbum
1703 722 1875 770 supra-

179 793 421 854 scriptum
453 793 520 840 sit
551 791 613 839 ab
643 792 752 853 ipso
784 790 1003 851 librariO,
1030 791 1116 850 qui
1146 791 1199 836 in
1229 791 1369 837 textu
1401 790 1665 851 scripserat
1692 803 1875 844 verwm,

181 889 330 935 quam
369 874 632 922 lectionem
672 874 951 934 antiquitus
989 871 1228 919 traditam
1267 885 1370 919 esse
1408 872 1629 920 omnium
1668 872 1754 932 qui
1791 870 1877 918 ad-

178 955 275 1004 huc
312 956 573 1004 innotuere
610 954 851 1002 librorum
891 968 1128 1001 consensu
1167 953 1546 1012 demonstratur,
1592 953 1714 1000 satis
1755 953 1877 1014 puto
1965 978 1968 983 ·

181 1039 391 1099 apparet
435 1038 489 1084 in
537 1037 806 1098 exemplari
853 1035 1035 1083 codicis
1075 1033 1412 1097 Sangallensis
1455 1034 1653 1081 verbusm
1691 1032 1754 1081 ab
1791 1032 1876 1081 ho-

179 1120 312 1166 mine
351 1119 566 1180 quodam
602 1118 747 1166 docto
780 1117 1085 1178 adscriptum
1116 1116 1282 1175 fuisse,
1314 1116 1452 1162 cuius
1483 1115 1697 1178 vestigia
1727 1114 1879 1162 etiam

180 1201 294 1247 aliis
341 1200 462 1247 locis
503 1200 692 1247 exstare
731 1214 792 1246 ne
831 1198 1091 1246 Wotkium
1132 1196 1330 1259 quidem
1378 1196 1650 1258 praeteriit.
1728 1194 1879 1244 Theb.

179 1281 204 1328 I
239 1281 342 1329 653
377 1281 509 1342 quod
547 1281 730 1343 legitur
759 1279 904 1334 Leve,
946 1279 1104 1326 eidem
1135 1278 1279 1326 docto
1318 1276 1488 1325 licebit
1528 1276 1762 1338 tribuere,
1794 1277 1881 1338 qui

182 1363 342 1411 altero
381 1362 489 1410 loco
529 1362 724 1424 egregie
757 1362 1011 1408 succurrit.
1075 1361 1224 1421 atque
1257 1359 1457 1407 doctum
1487 1357 1737 1406 hominem
1769 1372 1881 1404 eum

180 1445 348 1505 fuisse,
382 1445 468 1504 qui
499 1442 774 1503 complures
806 1441 958 1490 libros
982 1444 1112 1489 inter
1135 1456 1185 1488 se
1211 1439 1436 1499 contulit,
1461 1454 1518 1487 ac
1542 1455 1641 1487 non
1664 1453 1874 1487 mercen-

181 1526 377 1572 narium
417 1523 689 1586 quemlibet
734 1522 992 1570 librarium
1040 1524 1149 1584 ipsa
1187 1538 1239 1569 re
1287 1522 1438 1583 patet.
1518 1522 1690 1568 contra
1727 1520 1879 1568 inter-

181 1606 381 1668 polatae
413 1606 712 1653 recensionis
746 1605 867 1652 satis
899 1604 1057 1651 multa
1088 1605 1142 1651 in
1180 1605 1288 1665 ipso
1322 1601 1636 1666 Sangallensi
1665 1602 1879 1665 vestigia

180 1688 523 1747 inveniuntur3
572 1702 597 1735 e
638 1685 814 1748 quibus
854 1700 1013 1747 pauca
1053 1686 1203 1746 atque
1244 1699 1300 1731 ea
1340 1684 1635 1747 gravissima
1674 1682 1882 1731 adnoto:

294 1768 443 1817 Theb.
477 1768 502 1815 Ι
537 1768 640 1815 215
675 1767 836 1827 quoad
864 1780 1029 1827 usque.
1090 1765 1222 1814 idem
1255 1766 1438 1829 legitur
1468 1765 1521 1812 in
1561 1767 1612 1818 Q,
1651 1762 1880 1811 Gudiano

185 1853 251 1898 52
296 1851 422 1898 aliis.
592 1835 594 1838 ’

295 1931 445 1979 Theb.
479 1931 503 1977 I
537 1932 644 1979 440
683 1931 808 1978 inire
860 1945 1006 1990 quam
1059 1929 1395 1977 foedissimam
1444 1926 1882 1988 interpolationem

183 2015 336 2061 etiam
373 2015 427 2060 in
467 2013 579 2060 aliis
612 2012 904 2060 deterrimae
943 2012 1091 2059 notae
1130 2010 1269 2057 libris
1310 2010 1499 2057 exstare
1531 2023 1556 2055 e
1587 2006 1787 2054 Miilleri
1817 2005 1881 2054 ad

183 2096 313 2142 hunc
352 2095 516 2142 locum
554 2096 674 2142 nota
713 2093 958 2141 discimus.

297 2174 446 2222 Theb.
479 2175 504 2221 I
538 2175 638 2222 571
674 2175 1042 2234 pubescentibus
1073 2173 1254 2220 iterum
1286 2186 1397 2218 cum
1427 2169 1677 2217 nonnullis
1717 2183 1743 2215 e
1773 2182 1879 2229 pes-

186 2258 323 2305 simis
370 2256 509 2303 libris
557 2271 646 2317 pro
687 2270 804 2302 vera
850 2255 1058 2302 lectione
1098 2254 1277 2314 pubem
1315 2250 1603 2298 ineuntibus.
1680 2262 1882 2310 possum

185 2339 331 2400 plura
384 2338 603 2399 proferre
657 2336 736 2384 vel
790 2352 846 2383 ex
901 2337 1048 2397 primi
1103 2334 1217 2382 libri
1272 2332 1549 2380 conlatione
1604 2345 1634 2377 a
1678 2328 1881 2377 Wotkio

184 2419 341 2466 edita:
366 2418 618 2466 sufficiunt
640 2417 693 2464 hi
717 2417 827 2477 loci,
852 2419 908 2463 111
933 2416 1093 2478 qualis
1117 2415 1310 2478 generis
1335 2414 1401 2461 sit
1423 2412 1508 2459 ille
1533 2410 1882 2474 Sangallensis,

187 2502 522 2563 cognoscatur.
616 2515 762 2561 quem
816 2501 1007 2546 tantum
1058 2497 1218 2556 abest,
1265 2497 1322 2541 ut
1368 2492 1639 2555 quidquam
1693 2491 1756 2539 ad
1808 2507 1882 2539 re-

187 2583 463 2629 censionem
519 2581 682 2628 valere
739 2595 984 2639 censeam,
1038 2582 1094 2626 ut
1147 2578 1314 2624 futuro
1371 2572 1647 2622 Thebaidos
1702 2571 1883 2621 editori

188 2662 499 2710 abiciendum
540 2676 641 2710 esse
682 2661 916 2709 audacter
955 2660 1249 2708 confirmem.

303 2759 428 2805 quae
461 2759 570 2791 cum
604 2744 678 2790 ita
708 2744 821 2803 sint,
855 2743 1028 2789 ceteris
1060 2740 1214 2801 libris,
1239 2754 1361 2800 quos
1394 2753 1550 2798 neque
1583 2751 1608 2783 e
1632 2734 1882 2782 Puteaneo

189 2840 347 2885 neque
388 2842 412 2872 e
453 2824 637 2871 Iuliani
684 2823 848 2872 codice
896 2823 1091 2871 fluxisse
1130 2837 1218 2883 pro
1260 2820 1512 2882 explorato
1553 2817 1647 2875 est,
1693 2816 1767 2863 ita
1808 2815 1885 2861 uti

190 2904 373 2964 licebit,
406 2908 461 2952 ut
493 2906 623 2953 leves
655 2905 1069 2966 praestantissimi
1098 2902 1278 2951 codicis
1310 2913 1496 2948 errores
1536 2895 1884 2944 emaculentur.
