2014 3138
775 99 980 145 Editoris
1011 99 1253 157 praefatio.
1689 98 1858 143 XXVII

287 242 509 292 codicis
564 239 819 290 Gudiani
875 240 942 288 54
1000 233 1095 306 (K)
1150 239 1336 288 utimur
1389 239 1650 287 collatione
1704 238 1856 286 Kohl-
1887 252 1926 288 Κ

176 324 462 386 manniam,
510 338 636 385 quae
682 323 757 370 est
803 322 856 368 in
895 324 1139 383 apparatu
1178 319 1360 369 critico.
1439 335 1495 367 ex
1535 320 1603 366 eis
1643 334 1767 380 quae
1806 321 1858 366 in

177 405 482 468 praefatione
519 403 822 452 Achilleidos
867 420 913 465 p.
954 402 999 449 X
1044 402 1325 463 adnotavit,
1373 402 1493 449 haec
1539 403 1761 449 nostrum
1806 402 1859 447 in

177 502 320 535 usum
366 486 716 534 convertimus:
768 483 916 532 codex
955 484 1165 545 scriptus
1207 500 1234 530 a
1274 482 1604 544 compluribus
1643 481 1858 529 lIbrariis

176 567 370 616 saeculo
410 565 666 614 undecimo
697 565 777 613 vel
815 564 1017 625 decimo,
1057 565 1275 613 continet
1305 564 1438 612 foliis
1475 564 1576 611 163
1613 556 1755 629 (folio
1790 563 1858 610 20

175 649 250 696 bis
289 649 560 708 numerato,
597 648 670 695 ita
708 649 764 694 ut
802 646 992 694 numeri
1030 647 1230 693 currant
1268 661 1420 707 usque
1461 644 1524 692 ad
1565 637 1693 710 162)
1735 643 1859 691 The-

174 729 370 777 baidem
393 729 589 778 scholiis
615 729 912 775 exstructam
942 727 1215 788 uberrimis,
1247 726 1332 775 sed
1364 726 1424 773 ab
1447 726 1592 774 initio
1616 725 1858 786 mutilam,

175 809 349 858 deinde
380 809 492 857 inde
526 826 554 857 a
583 809 703 857 folio
740 809 842 856 145
876 808 1201 856 Achilleidem
1241 824 1350 855 cum
1385 807 1477 855 hac
1515 807 1857 868 inscriptione:

175 906 412 940 EXPLICIT
466 902 562 938 ΠΒ.
617 906 691 937 xn
744 891 1043 938 THEBAIDos
1097 904 1288 938 INCIPIT
1341 888 1392 935 P.
1448 888 1628 935 PAPINI
1683 886 1859 934 STATII

174 973 529 1021 Acmnnmnos
580 987 677 1018 ΜΒ.
724 986 754 1018 1.
837 972 998 1019 etiam
1050 971 1102 1018 in
1155 971 1245 1018 hoc
1299 970 1462 1018 codice
1517 970 1859 1031 supplementa

176 1054 418 1116 quaedam
454 1054 727 1101 recentiora
767 1054 982 1113 exstant,
1022 1053 1080 1099 cf.
1120 1051 1420 1100 Kohlmanni
1460 1051 1521 1098 ad
1561 1049 1860 1098 Thebaidem

174 1135 327 1197 praef.
361 1151 407 1196 p.
439 1134 498 1195 X,
529 1134 666 1182 velut
702 1133 846 1181 initio
879 1133 1153 1182 Thebaidos
1185 1132 1440 1181 duodecim
1469 1132 1682 1196 paginae
1714 1131 1860 1178 amis-

176 1231 258 1264 sae
303 1215 507 1263 hausere
546 1231 713 1263 versus
751 1214 777 1261 1
812 1215 1041 1276 1—-388,
1085 1215 1214 1262 inter
1251 1214 1376 1261 VIII
1411 1215 1512 1261 126
1564 1215 1612 1261 et
1650 1213 1720 1259 IX
1754 1213 1859 1260 230

175 1296 405 1344 videntur
442 1296 624 1358 perisse
663 1295 840 1359 viginti
882 1298 931 1342 et
969 1298 1078 1344 octo
1117 1297 1216 1343 fere
1254 1296 1487 1359 paginae:
1528 1294 1706 1342 summi
1744 1308 1859 1340 vero

173 1378 411 1426 momenti
449 1379 524 1425 est
563 1377 692 1439 quod
730 1377 782 1423 in
812 1376 1086 1424 Achilleide
1126 1377 1283 1425 eidem
1313 1391 1481 1424 versus
1521 1374 1860 1424 desiderantur

175 1475 300 1521 quae
338 1459 390 1506 in
429 1462 500 1513 Q:
539 1458 565 1505 I
598 1459 903 1519 529-660,
942 1459 1158 1520 suppleti
1195 1474 1346 1506 manu
1386 1458 1542 1505 altera
1581 1449 1680 1523 (k).

284 1540 696 1588 Bruxellensis
752 1539 974 1587 codicis
1031 1540 1223 1604 5337s8
1281 1532 1369 1606 (C)
1425 1538 1556 1600 quod
1613 1537 1918 1597 accurata,c

176 1623 415 1683 quantum
439 1621 501 1668 ad
523 1621 849 1669 Achilleidem
872 1622 1099 1682 pertinet,
1125 1621 1387 1669 collatione
1411 1620 1487 1667 uti
1510 1620 1665 1681 potui,
1690 1633 1858 1679 accep-

173 1705 282 1750 tum
318 1702 476 1749 refero
508 1701 745 1749 Friderici
774 1701 1015 1749 Vollmeri
1052 1701 1361 1765 benignitati.
1439 1700 1497 1747 cf.
1538 1699 1589 1746 P.
1632 1700 1859 1760 Thomas,

177 1783 433 1846 catalogue
457 1782 540 1830 des
570 1783 862 1830 manuscrits
887 1781 946 1827 de
971 1782 1235 1843 classiques
1266 1782 1416 1829 latins
1441 1781 1500 1828 de
1524 1780 1573 1827 la
1599 1774 1860 1827 bibliothe-

176 1881 271 1926 que
293 1864 463 1925 royale
480 1863 539 1910 de
556 1863 820 1911 Bruxelles.
850 1864 988 1910 1896
1014 1879 1060 1924 p.
1082 1864 1164 1910 21.
1205 1862 1370 1922 codex,
1387 1877 1483 1923 quo
1503 1860 1632 1908 Stati
1649 1861 1858 1909 Thebais

178 1948 227 1994 et
256 1943 556 1993 Achilleidos
595 1945 729 1992 foliis
772 1945 874 1991 162
917 1944 1242 2005 continentur,
1282 1945 1509 1991 exaratus
1553 1945 1627 1991 est
1665 1943 1858 1991 saeculo

175 2026 432 2074 undecimo
480 2028 626 2087 atque
674 2026 929 2087 explentur
968 2024 1214 2073 Thebaide
1260 2025 1381 2072 folia
1424 2017 1701 2084 12—146b,
1749 2023 1859 2071 sub-

177 2109 399 2170 sequitur
428 2107 512 2155 fol.
550 2099 887 2154 14’7“ἰ--16110
917 2106 1155 2154 Achilleis
1196 2121 1305 2153 cum
1342 2106 1435 2153 hoc
1472 2106 1643 2153 titulo:
1684 2103 1861 2152 STATII

176 2188 377 2236 PApmn
417 2187 633 2236 Svizsvm
669 2186 1024 2236 Acfflnnmnos
1071 2203 1223 2235 LIBER
1269 2201 1454 2236 PRIMVS
1493 2201 1697 2234 INCIPIT.
1776 2187 1858 2234 fol.

181 2263 312 2317 161b
352 2271 401 2317 et
442 2270 543 2316 162
593 2272 835 2317 corrector
882 2269 1083 2330 quidam
1128 2269 1375 2331 sequentiS
1422 2268 1606 2316 saeculi
1652 2261 1740 2334 (02
1781 2268 1862 2315 vel

178 2350 230 2397 111
269 2350 618 2412 supplementis
651 2342 704 2415 c)
743 2349 872 2397 binis
909 2351 963 2397 in
1001 2366 1196 2412 quaque
1234 2351 1418 2412 pagina
1457 2349 1695 2397 columnis
1733 2349 1858 2395 mul-

177 2433 244 2479 1313
274 2446 389 2479 usus
422 2430 720 2493 compendiis
750 2430 870 2478 Ach.
902 2431 928 2478 I
961 2431 1248 2479 528-662
1290 2430 1482 2478 addidit
1513 2429 1710 2491 adpicta
1741 2432 1859 2478 nota

91 2520 98 2526 '
180 2507 223 2559 ἅ
267 2512 312 2558 11.
353 2528 391 2559 e.
445 2513 618 2560 desunt
666 2527 721 2560 eo
774 2513 897 2572 loco,
951 2528 1046 2574 quo
1093 2512 1397 2559 desideratur
1450 2511 1857 2573 supplementum.

100 2590 103 2593 ⁴
180 2592 348 2641 omissi
387 2595 500 2640 sunt
538 2595 703 2640 autem
735 2592 794 2640 ab
825 2593 933 2654 ipso
965 2593 1166 2640 librario
1198 2608 1366 2640 versus
1401 2592 1706 2652 529—660,
1744 2607 1860 2638 nam

184 2674 286 2721 528
330 2675 378 2720 et
419 2673 520 2720 662
561 2674 614 2719 in
651 2676 789 2721 textu
826 2675 933 2735 ipso
981 2675 1193 2734 exstant,
1232 2688 1427 2721 versum
1468 2674 1569 2720 661
1611 2674 1663 2719 in
1703 2687 1858 2719 exem-

179 2754 310 2816 plari
347 2754 496 2802 fuiSse
527 2754 726 2801 miuime
759 2756 833 2802 est
863 2754 1139 2803 verisimile.
1201 2754 1346 2801 huius
1379 2756 1544 2800 autem
1575 2753 1858 2800 correctoriS

182 2837 333 2883 etiam
365 2835 463 2882 alia
493 2833 703 2896 vestigia
735 2837 928 2882 exstant
956 2835 1219 2896 permulta,
1255 2833 1312 2880 de
1345 2833 1521 2896 quibus
1551 2834 1700 2894 paulo
1729 2833 1860 2882 infra

183 2919 461 2978 exponetur.
521 2914 692 2963 deinde
726 2917 900 2976 quarto
928 2915 1007 2962 vel
1038 2914 1209 2977 quinto
1242 2914 1428 2962 decimo
1460 2915 1653 2963 saeculo
1684 2915 1859 2962 tertius
