2014 3138
181 71 254 123 42
790 74 840 118 P.
873 74 1077 118 PAPINI
1109 75 1283 119 STATI

104 222 150 253 Π
171 207 340 278 regali
379 209 607 276 strepitu
648 212 700 261 et
740 209 884 277 picto
927 210 1281 264 discumbitur
1319 230 1464 280 aum,

172 314 293 348 eum
331 299 485 364 pater
522 298 599 349 ire
638 297 788 350 iubet
825 301 978 350 natas
1018 299 1346 368 comitesque
1384 301 1604 369 pudicas

169 387 433 437 natarum.
511 386 756 453 subeunt,
796 388 978 454 quales
1017 386 1283 441 Maeotide
1322 389 1454 458 ripa,

99 490 146 522 85
171 491 293 525 cum
335 472 612 542 Scythicas
651 494 874 543 rapuere
913 475 1100 528 domos
1141 479 1194 529 et
1234 481 1391 546 capta
1432 475 1683 531 Getarum

168 563 392 631 moenia,
433 563 680 631 sepositis
721 565 1005 632 epulantur
1042 563 1341 618 Amazones
1381 567 1556 619 armis.
1804 589 1872 623 ’τεο

167 654 283 702 tum
322 669 447 703 vero
487 652 728 704 intentus
767 654 947 705 vultus
988 671 1050 706 ac
1087 657 1305 722 pectora
1342 653 1528 707 Ulixes

167 740 424 807 perlibrat
462 741 602 809 visu,
644 740 734 793 sed
772 759 882 793 nox
921 742 1192 810 inlataque
1229 742 1425 795 fallunt

165 828 370 880 lumina
408 832 462 881 et
501 830 769 898 extemplo
809 830 969 882 latuit
1007 849 1256 883 mensura
1293 831 1575 884 iacentum.

96 936 143 967 90
167 920 220 968 at
258 920 439 969 tamen
477 921 818 986 erectumque
858 936 1020 988 genas
1061 920 1336 987 oculisque
1375 923 1659 990 vagantem

162 1006 416 1073 nullaque
448 1005 676 1076 virginei
716 1011 1015 1059 servantem
1055 1008 1209 1077 signa
1247 1008 1468 1076 pudoris
1795 1029 1866 1064 765

165 1094 351 1164 defigit
393 1095 683 1164 comitique
724 1096 942 1164 obliquo
982 1096 1184 1148 lumine
1223 1100 1499 1149 monstrat.

165 1183 328 1251 quid?
366 1184 474 1236 nisi
513 1184 862 1253 praecipitem
902 1185 1097 1237 blando
1139 1186 1417 1254 complexa
1455 1188 1697 1239 moneret

163 1270 443 1323 Deidamia
483 1273 603 1325 sinu
641 1273 945 1341 nudataque
984 1277 1227 1342 tempora
1267 1292 1475 1342 semper

93 1382 138 1413 95
163 1364 502 1429 exsertasque
542 1380 730 1413 manus
770 1380 1089 1430 umerosque
1128 1361 1186 1414 in
1224 1366 1370 1414 veste
1410 1366 1614 1416 teneret

162 1452 215 1500 et
253 1449 465 1517 prodire
505 1450 637 1502 toris
678 1453 731 1502 et
770 1467 988 1518 poscere
1028 1451 1152 1502 vina
1190 1454 1393 1502 vetaret
1796 1474 1863 1507 770

162 1538 372 1606 saepius
412 1541 466 1590 et
502 1538 670 1590 fronti
710 1539 906 1590 crinale
944 1542 1226 1607 reponeret
1264 1538 1487 1591 aurum?
1679 1587 1682 1590 Α
1795 1562 1860 1594 771

308 1630 369 1679 ut
408 1627 619 1695 placata
655 1627 823 1679 fames
863 1627 1034 1695 epulis
1074 1627 1156 1679 bis
1196 1630 1382 1695 terque
1420 1627 1666 1696 repostiS,
1794 1649 1860 1684 773

69 1735 135 1766 100
159 1733 252 1766 rex
290 1715 438 1783 prior
476 1715 783 1783 adloquitur
821 1716 1126 1784 paterisque
1165 1716 1410 1768 hortatur
1447 1714 1709 1770 Achivos:

91 1897 135 1929 98
157 1891 389 1948 Argolicis
424 1891 620 1935 ducibus
652 1890 748 1934 iam
780 1892 892 1934 tunc
923 1889 1155 1947 patuisset
1187 1890 1407 1934 Achilles.
1791 1903 1855 1936 ⁷72

276 2055 525 2110 Eoeempla:
569 2057 653 2096 764
686 2053 742 2107 cf.
777 2052 919 2096 Theb.
953 2052 995 2095 II
1028 2056 1111 2096 506
1152 2058 1192 2096 et
1222 2052 1264 2095 V
1297 2057 1351 2096 95
1386 2054 1539 2097 erecta
1566 2066 1728 2110 genas.

160 2117 241 2155 771
276 2113 419 2156 szc.
452 2114 566 2156 Aen.
600 2112 663 2154 XI
688 2117 773 2155 576
805 2126 889 2168 pro
923 2111 1089 2155 crinali
1121 2125 1247 2155 auro.

278 2264 361 2303 756
410 2259 540 2312 aulro
589 2258 793 2315 (del.1³²)
833 2263 886 2301 P:
937 2260 1060 2301 ostro
1110 2273 1154 2301 ω
1337 2262 1420 2302 757
1470 2258 1588 2301 Tum
1636 2257 1732 2306 2²0

158 2324 242 2363 758
275 2319 510 2362 maeotide
548 2318 714 2366 PKQ¹z
763 2317 1021 2361 mareotide
1062 2316 1137 2365 Q2:
1186 2316 1441 2360 mareotica
1482 2322 1509 2359 0
1629 2316 1783 2373 ripam
1823 2322 1852 2360 0

277 2383 360 2422 759
402 2378 523 2421 Dum
556 2383 584 2420 0
781 2381 865 2419 760
906 2375 1122 2432 sepositis
1153 2375 1397 2421 Schrader:
1447 2375 1702 2432 suppositis
1747 2380 1850 2430 Pw,

155 2437 276 2493 quod
305 2438 498 2491 fortasse
529 2442 679 2482 tamen
710 2437 897 2480 retineri
920 2436 1075 2491 potuit
1225 2438 1307 2478 761
1342 2434 1471 2478 Tunc
1504 2440 1532 2477 0
1644 2434 1851 2479 intentos

154 2530 207 2568 1²2
241 2510 449 2569 intendis
483 2530 517 2573 Q
698 2529 782 2567 762
814 2523 1046 2568 Perlibrat
1077 2527 1129 2566 P:
1170 2522 1380 2567 Perlibat
1411 2527 1502 2572 ec:
1535 2522 1782 2583 Perlibag
1811 2529 1853 2567 x

275 2589 358 2627 763
394 2584 617 2640 extimplo
645 2591 672 2627 0
765 2584 1001 2627 iacentum
1025 2587 1078 2625 P:
1111 2581 1307 2625 iacentis
1333 2596 1379 2626 ω
1513 2586 1597 2626 765
1628 2582 1850 2639 pudoreis

154 2648 187 2685 P
318 2648 400 2686 767
437 2642 558 2695 Quid
583 2648 635 2686 P:
671 2643 803 2696 Quod
829 2647 900 2690 Qc
933 2643 1004 2697 (de
1027 2647 1065 2683 Κ
1087 2654 1181 2685 non
1213 2642 1367 2697 liquet)
1472 2642 1653 2685 teneret
1683 2643 1722 2697 (t
1750 2655 1850 2686 mo-

154 2704 286 2746 neret
322 2717 427 2747 sser.
463 2702 530 2757 0²)
564 2708 591 2744 0
770 2706 854 2745 768
888 2699 1122 2745 Deidimia
1154 2705 1182 2742 0
1304 2700 1409 2743 sinu
1439 2704 1548 2744 Pw:
1595 2699 1745 2743 virum
1792 2698 1851 2748 α’

272 2764 484 2817 tempora
516 2766 568 2804 P:
612 2763 803 2816 pectora
835 2775 901 2815 ως
946 2765 995 2804 at
1025 2760 1079 2803 de
1109 2760 1256 2814 capite
1287 2760 1491 2804 obvoluto
1523 2760 1626 2803 licet
1653 2759 1851 2816 coyitare

275 2825 359 2862 770
391 2822 654 2876 reposceret
686 2826 713 2863 0
890 2823 971 2862 771
1009 2820 1271 2874 reposceret
1303 2823 1331 2860 0
1505 2821 1588 2861 772
1629 2831 1710 2862 om.
1743 2821 1847 2873 Ρω,

155 2878 261 2922 add.
298 2879 484 2926 Q²K²c²
515 2881 566 2922 in
599 2893 740 2937 mary.
774 2879 960 2923 exulare
990 2878 1125 2922 iussit
1157 2877 1479 2922 Kohlmawmts
