2014 3138
734 100 940 150 Editoris
970 105 1214 162 praefatio.
1715 106 1820 150 XXI

135 248 264 295 rium
311 247 608 295 commisisse
656 248 843 294 certum
889 247 975 307 sit,
1021 261 1081 293 ne
1128 245 1230 293 sine
1269 245 1452 294 iudicio
1493 247 1729 308 quicquid
1766 249 1818 294 in

137 343 192 376 60
231 327 358 377 libro
395 328 591 391 legitur,
627 343 717 389 pro
757 328 969 390 genuino
1008 343 1305 374 veneremur.

248 409 467 471 duplices
506 409 737 457 lectiones
777 410 829 455 in
861 408 1127 470 exemplari
1157 408 1289 456 haud
1318 424 1429 456 raro
1462 409 1612 457 fuisse
1644 424 1819 472 cogno-

139 491 333 553 scimus,
378 491 476 538 nisi
512 491 592 539 vel
631 490 693 538 ad
731 491 895 552 ipsum
932 489 1117 537 Iuliani
1163 489 1378 538 codicem
1417 489 1659 551 quaedam
1697 491 1820 539 refe-

136 571 288 621 renda
333 573 460 620 sunt.
539 573 733 635 saepius
773 573 939 618 autem
983 572 1244 633 utramque
1290 572 1551 619 lectionem
1605 573 1821 620 servavit

136 652 376 701 Puteanei
405 653 658 714 librarius;
698 652 828 713 quod
858 654 1025 700 tamen
1055 667 1153 700 non
1183 653 1288 700 tam
1317 654 1429 714 ipsi,
1461 669 1610 714 quam
1642 654 1702 713 ei,
1734 655 1822 714 qui

135 733 351 781 medium
389 734 532 781 illum
569 736 699 781 inter
729 733 914 781 Iuliani
951 733 1133 783 librum
1172 735 1221 781 et
1251 733 1554 782 Puteaneum
1586 736 1822 795 exaravit,

139 817 394 877 acceptum
438 815 747 863 referendum
786 829 888 862 esse
935 830 1117 863 censeo.
1194 831 1310 861 nam
1355 831 1466 863 eum
1511 815 1822 863 mediocriter

136 897 332 944 tantum
385 896 582 944 doctum
636 897 808 957 fuisse,
861 895 1099 943 Puteanei
1144 911 1258 945 vero
1308 896 1511 944 librario
1559 896 1822 944 admodum

136 977 433 1026 familiarem
481 978 630 1025 fuisse
668 976 876 1024 Latinae
926 978 1125 1039 linguae
1176 992 1318 1025 usum
1365 979 1467 1024 iam
1514 993 1663 1039 supra
1714 994 1822 1040 per-

138 1058 396 1120 speximus.
465 1059 553 1106 hos
592 1074 707 1107 vero
748 1074 805 1106 ex
842 1058 1117 1106 Achilleide
1158 1059 1378 1106 conferas
1417 1060 1570 1107 locos:

638 1139 663 1186 Ι
695 1140 802 1186 444
841 1153 1142 1198 suasuasquc

639 1220 663 1267 Ι
696 1222 802 1268 470
841 1218 1153 1268 Antilochous

637 1301 662 1347 I
697 1302 800 1348 527
843 1301 994 1349 audes
1035 1302 1203 1361 aufers

635 1382 661 1429 I
695 1383 799 1430 634
836 1383 1151 1442 yradumanu
1163 1376 1202 1448 1)

638 1463 663 1510 Ι
697 1464 799 1511 832
833 1465 912 1524 pii
950 1465 1052 1512 deis
1091 1465 1386 1512 amothraces

636 1544 662 1591 I
694 1546 762 1591 44
804 1550 954 1602 emese
993 1539 1106 1612 (del.
1139 1538 1228 1611 Pl)

142 1625 219 1673 bis
258 1627 312 1672 in
350 1624 624 1673 Achilleide
662 1627 802 1674 varia
840 1627 986 1674 lectio
1025 1628 1241 1690 margini
1280 1626 1526 1689 adscripta
1570 1629 1663 1675 est:

366 1706 391 1752 I
425 1707 528 1754 623
571 1721 718 1754 cursu
755 1702 842 1754 Pl:
871 1707 1025 1766 pulsu
1062 1709 1127 1755 1²0
1164 1708 1243 1756 vel
1281 1709 1345 1756 Pr
1382 1710 1434 1754 in
1472 1723 1625 1772 marg.

359 1786 384 1833 I
419 1787 521 1834 959
554 1802 755 1847 pugnae
791 1782 878 1835 Pl:
918 1802 1026 1836 caza
1063 1783 1129 1835 Pl
1166 1790 1219 1834 in
1257 1805 1411 1851 marg.
1425 1781 1465 1854 2)

146 1868 353 1930 apparet
391 1869 554 1915 autem
593 1867 619 1914 I
652 1869 754 1916 832
798 1869 1053 1931 archetypi
1089 1870 1356 1932 imaginem
1386 1870 1537 1916 talem
1568 1870 1730 1930 fuisse,
1769 1871 1827 1916 ut

134 1949 214 2009 pii
251 1949 330 1997 vel
377 1964 524 2010 supra
570 1949 752 1997 lineam
790 1950 869 1997 vel
914 1951 966 1997 in
1012 1951 1234 2013 margine
1281 1952 1504 1998 exstaret.
1580 1966 1696 1998 nam
1734 1966 1828 1998 vox

141 2029 220 2078 dei
258 2045 368 2078 cum
406 2032 694 2092 insequente
733 2046 850 2079 voce
891 2031 1009 2078 adeo
1050 2032 1310 2079 coniuncta
1348 2031 1459 2092 fuit,
1498 2033 1555 2078 ut
1593 2033 1695 2079 eius
1734 2031 1826 2078 ini-

140 2111 314 2159 tialem
344 2112 566 2159 litteram
598 2111 692 2159 sibi
723 2114 938 2174 arripere
968 2113 1144 2174 posset.
1207 2112 1369 2161 varias
1402 2114 1567 2160 autem
1596 2113 1827 2160 lectiones

141 2192 202 2241 ab
243 2208 314 2255 eo,
347 2194 436 2254 qui
473 2193 661 2241 Iuliani
692 2193 908 2241 codicem
946 2194 1272 2256 transcripsit,
1311 2195 1364 2240 in
1394 2194 1610 2241 medium
1639 2195 1828 2241 textum

138 2274 320 2322 inlatas
360 2289 461 2322 esse
508 2275 740 2336 proclivis
781 2276 995 2337 suspicio
1037 2276 1121 2322 est.
1199 2274 1328 2322 unde
1368 2275 1656 2337 explicatur,
1697 2274 1827 2336 quod

138 2353 219 2402 hic
258 2355 516 2416 antecedit,
550 2355 656 2403 illic
695 2356 916 2417 sequitur
955 2357 1169 2419 genuina
1207 2356 1368 2417 lectio,
1410 2372 1534 2417 quae
1573 2357 1625 2403 in
1665 2356 1827 2403 codice

138 2434 227 2482 illo
280 2437 615 2484 vetustissimo
681 2437 1019 2484 emendatione
1080 2437 1311 2485 restituta
1371 2437 1480 2483 fuit.
1570 2436 1828 2485 verborum

261 2575 303 2629 1)
334 2576 386 2617 ui
415 2575 644 2619 recentior
675 2576 868 2631 quidam
899 2579 1129 2620 corrector
1161 2576 1501 2632 suprascripsit.

260 2640 303 2695 2)
334 2639 578 2695 perspicue
616 2641 835 2698 leguntur
872 2642 1057 2686 litterae
1096 2657 1151 2687 ca
1211 2657 1252 2695 e,
1301 2642 1423 2686 inter
1462 2655 1577 2699 quas
1615 2641 1828 2685 umbram

139 2704 326 2748 litterae
364 2717 389 2748 z
429 2718 612 2749 cernere
650 2707 767 2750 mihi
797 2708 921 2751 visus
963 2723 1076 2751 sum.
1142 2710 1264 2751 certe
1304 2722 1328 2751 r
1366 2723 1458 2751 non
1479 2702 1661 2751 exstat.
1725 2707 1828 2763 ipsa

145 2773 302 2815 autem
339 2785 363 2816 c
400 2786 483 2828 pro
523 2786 552 2830 9
590 2773 745 2828 posita
784 2774 1111 2830 comprobatur
1141 2774 1319 2817 variam
1354 2773 1602 2817 lectionem
1635 2773 1692 2815 ab
1725 2773 1826 2829 ipso

142 2836 312 2881 Iuliani
354 2838 513 2882 codice
551 2839 965 2895 transmigravisse.
1020 2841 1144 2883 unde
1175 2839 1367 2882 inritum
1406 2839 1485 2882 fiet
1521 2852 1757 2894 conamen,
1790 2839 1829 2882 si

150 2903 252 2959 quis
278 2918 465 2962 puy‘nae
494 2904 608 2948 velit
640 2905 899 2948 defendere.
