1878 3060
641 106 847 151 Editoris
878 105 1124 163 praefatio.
1645 105 1731 150 XV

367 246 488 295 Ach.
520 246 547 294 Ι
580 246 682 294 659
714 246 901 305 perdas
938 249 1003 293 P:
1033 245 1228 306 pendas
1267 238 1372 310 (01)

575 328 678 375 693
711 330 911 386 portum
947 330 1014 374 P:
1045 329 1252 387 pontum
1291 318 1395 391 (02)

151 411 399 472 postremo
446 408 505 457 de
558 410 684 456 miro
733 408 945 470 quodam
993 422 1154 455 errore
1199 422 1361 468 pauca
1407 407 1514 456 dico
1555 409 1642 469 qui
1678 409 1732 454 in

38 491 201 553 priore
255 490 436 538 codicis
488 491 630 552 parte
682 491 877 551 saepius
926 489 1198 536 invenitur:
1254 488 1440 536 similes
1494 490 1626 535 enim
1678 490 1731 535 in

40 571 310 634 exemplari
353 571 546 619 litteras
586 585 618 618 a
657 572 707 617 et
744 585 776 618 x
816 570 1139 617 commutavit
1185 568 1417 617 librarius
1464 569 1585 618 locis
1631 569 1730 616 his:

571 694 718 742 Theb.
752 694 830 741 III
866 695 930 741 17
940 694 969 741 3
1009 655 1216 757 Ρήῃῐῑθσὲ

756 819 828 865 IV
865 820 967 866 107
1009 780 1092 882 υἷι

40 911 250 971 utroque
284 910 449 957 autem
472 909 579 956 loco
603 909 709 970 ipse
740 907 971 954 mendum
1003 907 1217 955 sustulit.
1287 907 1382 954 huc
1413 907 1556 955 traho
1582 908 1733 954 etiam

41 989 130 1039 hos
173 990 328 1038 locos:

487 1068 635 1117 Theb.
667 1068 693 1115 Ι
763 1069 827 1115 21
871 1061 981 1120 ’ΜΞ
1017 1072 1082 1116 P:
1122 1070 1203 1116 vix
1242 1082 1292 1116 ω

667 1194 692 1240 Ι
727 1194 832 1241 120
871 1156 979 1260 υἱὲ
1017 1196 1081 1241 P:
1120 1195 1202 1241 vix
1242 1207 1291 1241 ω

39 1277 204 1339 priore
251 1276 382 1323 enim
427 1275 535 1323 loco
574 1289 606 1323 x
645 1274 1003 1337 suprascribere
1049 1274 1289 1337 neglexit,
1336 1289 1550 1322 errorem
1587 1275 1732 1322 intel-

42 1357 164 1405 lexit
201 1356 449 1405 librarius.

150 1439 252 1485 iam
289 1453 405 1486 vero
439 1453 493 1485 eo
532 1437 758 1498 perducti
797 1451 978 1498 sumus,
1017 1437 1075 1484 ut
1105 1451 1347 1484 summam
1381 1436 1732 1498 disputationis

42 1518 308 1567 subducere
349 1519 518 1566 liceat:
557 1518 640 1565 vix
672 1517 814 1564 credo
845 1519 895 1565 te
933 1517 1058 1564 mihi
1096 1517 1440 1565 oblocuturum
1473 1531 1588 1578 esse,
1623 1532 1734 1564 cum

40 1599 282 1647 Puteanei
321 1599 570 1662 exemplar
607 1598 895 1646 minusculis
934 1598 1115 1646 litteris
1155 1598 1393 1659 scriptum
1431 1596 1581 1645 fuisse
1622 1613 1734 1644 con-

41 1680 256 1727 tendero.
329 1679 468 1740 quali
504 1693 620 1727 vero
660 1694 836 1741 genere
874 1679 1155 1726 litterarum
1193 1680 1420 1726 exaratus
1460 1678 1611 1725 fuerit
1647 1679 1734 1725 ille

38 1760 192 1808 codex
230 1761 373 1820 pater
410 1758 665 1819 Puteanei,
704 1774 815 1805 cum
848 1759 1038 1807 altioris
1079 1759 1328 1822 indaginis
1360 1758 1584 1821 indigeat
1614 1758 1734 1806 haec

45 1840 286 1902 quaestio,
323 1855 453 1887 nunc
490 1854 589 1886 non
627 1854 904 1901 persequor.

153 1923 320 1969 tamen
357 1935 457 1968 non
496 1921 662 1967 omnia
698 1920 876 1967 menda
912 1920 1005 1967 hac
1042 1936 1094 1967 re
1127 1919 1447 1981 explicantur.
1512 1919 1735 1967 sublucet

44 2003 176 2049 enim
213 2002 499 2049 vetustioris
539 2001 718 2048 codicis
756 2001 944 2063 imago,
993 2015 1143 2061 quam
1180 2015 1309 2047 nunc
1350 2002 1590 2060 quantum
1627 1999 1735 2047 fieri

43 2083 208 2143 potest
254 2081 648 2129 circumscribere
695 2096 942 2128 conamur.
1017 2081 1145 2128 illud
1187 2082 1352 2127 autem
1389 2082 1548 2127 teneri
1585 2080 1735 2128 velim

47 2177 172 2222 eum,
211 2163 298 2222 qui
328 2161 633 2210 Puteaneum
671 2162 907 2222 exaravit,
946 2162 1095 2209 fuisse
1134 2162 1333 2225 linguae
1363 2160 1573 2208 Latinae
1613 2161 1733 2208 adeo

45 2243 272 2304 peritum,
305 2245 362 2290 ut
386 2257 511 2303 quae
545 2241 792 2303 scriberet,
818 2241 971 2303 probe
1000 2242 1322 2305 intellegeret.
1384 2242 1500 2288 111110
1530 2241 1582 2287 id
1611 2241 1736 2287 mihi

47 2321 176 2370 effici
221 2323 431 2384 videtur,
476 2325 533 2370 ut
581 2323 756 2384 quibus
794 2323 922 2387 ,locis
968 2323 1163 2370 hiantes
1209 2336 1377 2370 versus
1419 2322 1735 2382 transcripsit

167 2441 209 2496 1)
225 2439 346 2482 falsa
369 2439 447 2482 hic
465 2439 522 2482 de
545 2439 770 2483 librorum
793 2439 993 2483 lectione
1016 2438 1200 2482 rettulit
1215 2438 1550 2493 Kohlmannus,
1577 2438 1634 2481 cf.
1654 2452 1733 2494 ap-

47 2505 239 2560 paratus
257 2505 457 2548 criticus.
493 2505 550 2548 de
568 2505 741 2549 codicis
756 2505 959 2549 Gudiani
977 2510 1032 2549 54
1047 2506 1117 2562 (K)
1133 2504 1333 2548 lectione
1351 2504 1528 2547 dubito.
1555 2505 1735 2560 pendas

49 2570 201 2612 exstat
231 2569 375 2613 etiam
405 2570 454 2612 in
486 2570 722 2614 codicibus
754 2570 976 2614 Beruensi
1010 2575 1093 2614 156
1125 2570 1393 2614 Monacensi
1427 2574 1568 2613 14557
1603 2570 1661 2612 al.

168 2637 211 2692 2)
237 2640 422 2690 portum
445 2635 537 2678 fuit
566 2636 648 2679 ubi
672 2636 740 2679 ita
764 2637 1097 2693 intellegerem,
1121 2638 1175 2680 ut
1196 2638 1447 2692 postquam
1472 2649 1527 2678 ex
1549 2635 1733 2678 Aulidis

46 2703 186 2757 portu
217 2702 371 2744 essent
400 2700 600 2756 profecti
623 2701 781 2745 Ulixes
813 2703 860 2745 et
883 2701 1144 2755 Diomedes,
1175 2701 1272 2744 iam
1294 2702 1503 2756 repetere
1528 2699 1734 2742 diceren-

48 2769 125 2810 tur
168 2768 356 2823 portum
405 2766 547 2822 Scyri.
626 2767 707 2810 sed
745 2773 939 2822 pontum
983 2780 1143 2810 verum
1189 2779 1287 2809 esse
1332 2766 1449 2809 mihi
1500 2765 1734 2821 persuasit

48 2831 274 2934 Vollmeri.⁵
321 2834 561 2876 resumunt
593 2832 706 2876 socii
734 2835 943 2888 pontum,
975 2835 1225 2888 postquam
1255 2845 1421 2875 navem
1450 2830 1599 2874 ventis
1630 2843 1734 2886 per-

49 2904 252 2934 miserun
278 2926 286 2933 .
