2014 3138
739 89 954 134 Editor-is
985 89 1228 147 praefatio.
1685 91 1832 135 XXXI

150 245 379 279 versuum
418 231 599 292 perisse
639 232 926 278 statuamus.
1004 247 1122 277 num
1166 232 1301 278 casui
1340 231 1608 278 attribuere
1647 231 1831 292 licebit,

150 311 281 374 quod
327 313 412 373 qui
457 312 573 359 ante
616 311 845 360 lacunam
882 313 997 359 sunt
1034 326 1216 372 versus,
1261 328 1348 374 per
1393 312 1522 360 hunc
1574 328 1831 360 numerum

149 394 223 440 ita
261 392 562 453 dividuntur,
593 394 649 439 ut
679 393 804 439 nihil
840 393 1086 454 reliquum
1117 391 1214 441 sit?
1281 393 1489 441 sedecim
1527 395 1656 441 enim
1693 396 1831 458 pagi-

150 489 238 522 nas
276 472 575 522 Achilleidos
613 488 781 522 versus
820 474 845 521 Ι
880 475 1093 521 1-528
1139 475 1406 536 explevisse
1451 475 1681 536 proclivis
1729 490 1830 523 sus-

148 555 278 618 picio
332 557 418 604 est.
510 557 704 618 praeter
756 571 989 619 magnam
1048 556 1175 604 hanc
1236 556 1465 604 lacunam
1522 558 1832 605 consentiunt

148 638 298 684 etiam
337 636 434 683 alio
473 637 580 684 loco
618 638 670 683 in
700 638 887 685 minore
919 636 1119 685 damno:
1158 651 1324 685 versus
1355 637 1380 684 I
1414 638 1532 685 881.
1569 639 1671 685 882
1706 639 1758 685 111
1791 643 1831 686 0

150 719 446 766 omittuntur
483 718 688 766 lacunae
728 719 867 781 signo
898 734 996 766 non
1030 718 1212 782 addito,
1250 720 1302 765 in
1339 721 1562 782 margine
1600 720 1832 783 leguntur

148 801 201 847 in
238 803 349 854 KQ,
386 799 602 862 suppleti
641 815 670 846 a
708 815 858 846 manu
896 800 1064 846 altera.
1078 792 1120 866 ¹)
1180 800 1299 847 item
1337 799 1388 846 Π
1422 801 1487 848 53
1529 800 1832 849 desideratur

147 881 199 927 in
238 883 413 941 QcK,
452 879 650 927 additur
679 882 731 927 in
762 880 983 944 margine
1023 880 1201 928 codicis
1232 884 1284 928 K
1313 897 1411 928 non
1450 881 1511 928 ab
1543 883 1650 944 ipso
1682 882 1829 930 libra-

147 962 235 1010 rio.
312 977 470 1022 neque
509 977 623 1010 vero
674 961 765 1009 hoc
815 961 1049 1008 damnum
1087 962 1262 1010 horum
1301 962 1538 1010 librorum
1576 966 1830 1025 proprium

150 1044 244 1090 est:
299 1044 546 1090 omittitur
592 1043 723 1089 enim
760 1059 804 1090 v.
841 1042 906 1090 53
957 1044 1106 1090 etiam
1151 1045 1203 1090 in
1242 1044 1480 1092 Etonensi
1527 1044 1702 1092 codice.
1779 1045 1830 1092 in

149 1123 390 1171 Vaticano
438 1126 603 1171 autem
651 1124 789 1171 3281
839 1139 928 1171 nec
973 1140 1070 1171 non
1115 1125 1167 1170 in
1213 1124 1450 1173 Bernensi
1499 1125 1600 1172 156
1649 1126 1832 1188 legitur

147 1204 200 1251 in
237 1204 471 1268 margine.

260 1286 323 1334 ad
383 1303 534 1333 unum
588 1286 889 1347 eundemque
950 1288 1142 1349 patrem
1203 1287 1360 1335 redire
1422 1287 1610 1337 codices
1671 1293 1831 1343 QGK

151 1383 450 1430 quamquam
480 1368 558 1432 vel
588 1368 678 1414 illa
707 1368 897 1429 lacuna,
931 1383 1056 1429 quae
1089 1370 1163 1416 est
1192 1369 1322 1416 inter
1352 1386 1396 1417 v.
1429 1369 1454 1415 I
1489 1370 1591 1417 528
1627 1372 1676 1418 et
1710 1371 1830 1431 660,

149 1447 524 1510 demonstratur,
562 1450 728 1496 tamen
768 1450 918 1496 etiam
948 1450 1118 1497 multis
1149 1450 1440 1498 lectionibus
1472 1451 1831 1513 comprobatur,

151 1544 272 1591 quas
309 1530 390 1577 hic
429 1545 710 1577 enumerare
748 1531 951 1593 longum
991 1533 1076 1584 est.
1145 1532 1424 1592 incipientis
1464 1534 1594 1580 enim
1634 1549 1828 1595 corrup-

148 1611 277 1658 telae
331 1613 517 1658 statum
569 1610 709 1658 nobis
762 1611 854 1659 hoc
908 1611 1129 1660 codicum
1183 1628 1334 1676 genus
1388 1616 1621 1675 proponit
1674 1631 1829 1676 neque

149 1706 325 1752 operae
362 1693 577 1753 pretium
616 1693 691 1739 est
728 1692 986 1754 gliscentes
1025 1708 1226 1754 errores,
1264 1695 1449 1755 passim
1488 1710 1545 1741 ex
1582 1694 1829 1742 Puteaneo

149 1758 229 1820 vel
275 1773 378 1820 eius
425 1773 675 1820 simillimo
716 1773 879 1821 codice
919 1775 1158 1821 correctos
1196 1776 1249 1821 in
1285 1775 1638 1823 recentioribus
1676 1776 1830 1838 libris,

149 1853 299 1916 longa
322 1853 665 1901 dissertatione
699 1870 957 1916 exponere:
988 1869 1077 1902 nos
1107 1871 1196 1916 pro
1228 1855 1372 1903 huius
1405 1855 1633 1904 editionis
1664 1857 1829 1905 indole

148 1934 441 1982 recentiores
480 1934 630 1982 libros
671 1934 935 1983 abiecimus
975 1951 1155 1997 omnes,
1189 1953 1299 1984 cum
1336 1937 1462 1984 nihil
1500 1938 1626 1985 lucri
1664 1955 1721 1986 ex
1761 1941 1828 1987 eis

151 2017 262 2077 capi
306 2031 446 2077 posse
493 2015 632 2064 nobis
671 2031 957 2078 persuasum
970 2010 1010 2082 2)
1053 2019 1128 2065 sit.
1205 2019 1370 2065 tamen
1411 2020 1454 2066 si
1493 2019 1687 2079 quando
1726 2036 1827 2067 ma-

148 2098 303 2144 iorem
365 2097 629 2145 editionem
690 2097 922 2146 conficere
983 2098 1173 2160 licebit,
1227 2100 1305 2146 vel
1359 2115 1526 2147 eorum
1585 2101 1829 2148 rationem

148 2177 449 2239 habebimus,
488 2181 544 2226 ut
581 2180 910 2241 perspiciatur
954 2180 1130 2241 rapida
1167 2182 1240 2228 vis
1281 2183 1453 2229 auctae
1491 2182 1545 2228 in
1584 2181 1685 2229 dies
1726 2198 1827 2229 cor-

148 2260 406 2320 ruptionis,
446 2261 584 2307 cuius
618 2258 748 2308 Stati
780 2262 997 2308 carmina
1036 2262 1310 2323 exemplum
1350 2264 1464 2310 sunt
1501 2263 1827 2310 luculentissi—

270 2495 312 2550 1)
343 2494 392 2536 hi
425 2495 515 2539 duo
539 2509 694 2539 versus
726 2496 774 2539 in
798 2496 1008 2553 margine
1039 2496 1268 2553 leguntur,
1303 2498 1383 2540 sed
1414 2497 1609 2541 fortasse
1642 2498 1699 2541 ab
1725 2499 1826 2554 ipso

100 2590 102 2592 -
149 2559 338 2603 librario
379 2560 538 2616 scripti
578 2562 720 2604 etiam
758 2561 807 2605 in
846 2563 1004 2606 codice
1036 2563 1256 2607 Bernensi
1290 2568 1388 2618 156,
1419 2564 1500 2607 ubi
1532 2567 1689 2608 tamen
1720 2567 1827 2621 post

149 2638 330 2668 versum
362 2629 447 2669 528
486 2626 642 2670 hiatus
680 2642 773 2671 non
812 2631 893 2672 est.
956 2630 1005 2672 in
1036 2629 1264 2673 Vaticano
1298 2634 1409 2673 3281
1443 2630 1564 2674 inter
1596 2644 1643 2674 se
1678 2633 1826 2674 trans·

148 2691 290 2748 positi
321 2692 409 2735 1100
440 2692 599 2736 ordine
631 2696 815 2738 exstant
843 2710 883 2739 v.
919 2700 1016 2739 882.
1051 2700 1147 2739 881.

269 2760 311 2815 2)
343 2758 467 2814 quod
499 2759 641 2802 etiam
673 2759 730 2802 de
753 2759 980 2805 Vaticano
1007 2766 1117 2805 3281
1144 2762 1281 2815 valet,
1315 2762 1371 2805 de
1396 2777 1486 2818 quo
1512 2762 1567 2806 cf.
1593 2762 1825 2806 Fridolfus

150 2823 423 2868 Gustafsson
477 2824 525 2867 in
570 2825 793 2868 Actorum
848 2826 1091 2870 Societatis
1138 2827 1366 2871 Fennicae
1411 2828 1497 2872 vol.
1546 2828 1630 2870 XII
1676 2831 1825 2886 (1882)

147 2904 190 2945 p.
218 2894 301 2933 217
317 2905 381 2947 sq.
