2014 3138
739 82 956 126 Edstoris
990 82 1234 140 praefatio.
1709 86 1835 131 XXV

157 224 211 270 in
256 237 314 271 ea
359 237 476 271 vero
522 223 678 285 parte,
725 238 874 285 quam
920 225 1124 285 quartus
1162 223 1393 272 librarius
1433 227 1669 288 exaravit,
1709 242 1836 274 com-

156 303 322 366 plures
359 304 412 352 in
452 304 719 367 exemplari
748 304 950 353 lacunas
982 305 1133 353 fuisse
1167 307 1488 369 cognoscitur,
1522 322 1642 368 quas
1673 309 1834 369 poste-

155 386 284 434 riore
315 386 478 432 aetate
509 385 725 447 expletas
757 400 860 433 esse
888 387 990 433 iam
1019 386 1361 438 Kohlmannus
1395 387 1663 437 adnotavit.
1725 404 1838 451 sup-

156 466 404 528 plementa
442 467 607 514 autem
644 467 778 514 facta
817 469 932 515 sunt
968 467 1109 516 haec:

377 546 525 595 Theb.
550 547 675 598 VIII
700 548 979 596 86—145:
1018 564 1247 596 versuum
1287 551 1356 598 60

596 629 641 676 Χ
667 630 982 677 636—755:
1020 645 1249 678 versuum
1291 632 1396 680 120

595 711 640 758 Χ
666 711 918 760 939-ΧΙ
942 712 1037 758 46:
1075 727 1305 760 versuum
1344 706 1467 776 471)

568 792 640 838 XI
665 793 980 840 409—469:
1019 780 1248 841 versuum
1289 795 1354 841 61

463 871 584 921 Ach.
617 873 642 920 I
668 874 982 921 529—662:
1021 890 1250 925 versuum
1292 868 1449 941 1342)

583 954 634 1000 II
662 955 976 1002 150—167:
1014 970 1242 1004 versuum
1285 949 1405 1022 183)

159 1049 280 1095 quos
318 1050 544 1083 numeros
585 1036 627 1082 si
666 1037 989 1097 contemplati
1027 1039 1228 1098 erimus,
1275 1039 1446 1085 statim
1488 1038 1749 1101 apparebit
1785 1041 1838 1086 in

158 1115 438 1177 exemplari,
477 1116 604 1163 unde
637 1116 888 1165 descendit
913 1121 982 1180 Q,
1023 1119 1230 1181 singulis
1261 1121 1457 1182 paginis
1488 1121 1714 1181 tricenos,
1749 1120 1837 1168 sub

156 1195 304 1244 finem
335 1197 515 1245 codicis
546 1199 758 1245 tricenos
796 1199 961 1246 ternos
992 1214 1160 1247 versus
1200 1202 1406 1261 scriptos
1445 1194 1670 1266 fuisse4)3
1708 1201 1840 1249 idem

156 1276 368 1325 efficitur
407 1279 450 1325 si
489 1280 597 1341 quis
637 1295 663 1326 e
700 1278 1014 1328 librariorum
1053 1281 1358 1343 singulorum
1394 1283 1558 1343 pensis
1596 1283 1839 1330 rationem

157 1357 422 1407 subducere
460 1360 603 1422 velit,
651 1375 748 1422 qua
788 1377 937 1423 opera
974 1376 1061 1409 nos
1099 1362 1192 1409 hoc
1230 1363 1336 1410 loco
1375 1377 1632 1424 possumus
1672 1378 1837 1425 super·

156 1439 334 1488 sedere.
1817 1508 1820 1511 ᾖ

266 1522 483 1584 singulos
516 1524 682 1570 autem
711 1522 938 1571 librarios
969 1525 1021 1570 in
1057 1526 1302 1585 apparatu
1334 1526 1504 1572 critico
1538 1526 1839 1589 distinguere

156 1604 288 1650 notis
335 1603 541 1666 singulis
588 1619 764 1665 operae
816 1605 1032 1666 pretium
1091 1621 1189 1653 non
1244 1607 1336 1667 est,
1391 1608 1653 1668 propterea
1706 1607 1838 1668 quod

157 1698 213 1731 ex
265 1683 432 1731 eodem
483 1699 563 1732 eos
620 1684 747 1733 libro
799 1700 886 1732 sua
931 1688 1296 1748 transcripsisse
1336 1689 1522 1734 certum
1562 1691 1648 1736 est.
1725 1704 1837 1750 sup-

155 1764 403 1826 plementa
443 1767 619 1826 autem,
654 1781 764 1813 cum
801 1782 899 1814 non
937 1768 1201 1814 verisimile
1248 1769 1313 1815 sit
1349 1770 1463 1829 post
1493 1767 1591 1816 duo
1630 1770 1709 1817 vel
1739 1771 1838 1817 tria

157 1845 350 1893 saecula
389 1861 446 1892 ex
485 1846 654 1894 eodem
691 1847 826 1894 fonte
864 1846 1074 1908 fluxisse,
1111 1848 1280 1895 littera
1319 1864 1356 1908 q
1394 1851 1685 1898 notavimus.

275 2025 317 2080 1)
358 2023 433 2066 cui
478 2037 667 2067 numero
707 2024 910 2067 addendi
951 2026 1058 2067 sunt
1096 2025 1358 2081 argumenti
1398 2026 1643 2070 duodecim
1681 2041 1837 2071 versus

154 2102 366 2146 unusque
407 2089 597 2145 insuper
626 2088 699 2132 vel
742 2089 833 2132 duo
877 2104 968 2146 quo
1010 2090 1176 2134 titulus
1218 2091 1326 2134 libri
1356 2092 1591 2136 undecimi
1624 2095 1838 2137 exaratus

155 2154 246 2198 fuit
276 2155 326 2198 in
358 2155 622 2212 exemplari.

274 2224 317 2279 2)
350 2221 408 2265 ab
440 2222 528 2266 hoc
559 2235 748 2266 numero
782 2223 872 2266 duo
903 2236 1059 2266 versus
1093 2223 1396 2269 subtrahendi
1431 2227 1550 2269 sunt.
1606 2239 1716 2269 nam
1738 2239 1836 2269 ver—

156 2302 231 2331 sus
265 2292 348 2332 662
382 2288 580 2345 scriptus
621 2291 721 2332 erat
759 2289 808 2332 in
848 2289 1007 2333 codice
1047 2289 1105 2332 ab
1145 2289 1246 2346 ipso
1286 2290 1476 2335 librario
1507 2307 1548 2335 v.
1582 2296 1668 2335 528
1699 2292 1836 2335 unius

154 2367 309 2398 versus
357 2354 508 2411 spatio
555 2355 738 2409 omisso,
786 2355 867 2399 sed
911 2358 1161 2412 postquam
1193 2369 1354 2411 ‚versus
1399 2362 1546 2414 usq'ue
1585 2358 1646 2400 ad
1675 2373 1715 2401 v.
1751 2362 1835 2401 662

157 2420 359 2476 suppleti
402 2422 529 2475 sunt,
576 2421 782 2465 radendo
829 2423 1058 2466 extinctus
1106 2424 1187 2466 est.
1257 2425 1499 2478 praeterea
1536 2439 1576 2467 v.
1613 2429 1694 2467 661
1743 2438 1836 2467 non

155 2485 298 2529 fuisse
328 2486 378 2529 in
409 2487 661 2543 exemplari
690 2488 1078 2532 verisimillimum
1111 2491 1192 2533 est.

275 2553 318 2608 3)
348 2565 504 2596 versus
530 2558 613 2596 150
643 2567 792 2610 paene
824 2555 967 2599 deleti
989 2555 1187 2612 vestigia
1211 2556 1442 2611 quaedam
1466 2558 1650 2600 exstant
1673 2557 1722 2599 in
1747 2557 1836 2600 fine

155 2618 259 2662 folii
292 2619 414 2672 181¹³‚
451 2619 575 2663 unde
619 2620 835 2664 ultimam
872 2621 1095 2678 paginam
1128 2634 1246 2677 quae
1285 2621 1334 2664 in
1375 2622 1626 2678 exemplari
1665 2622 1836 2666 rescisa.

155 2684 258 2737 fuit,
290 2699 330 2728 v.
366 2689 448 2728 151
483 2684 687 2742 coepisse
720 2687 1024 2744 cognoscitur.

274 2753 318 2807 4)
351 2750 496 2794 artius
529 2750 710 2795 codices
740 2752 933 2810 pingere
965 2754 1124 2797 solitos
1158 2767 1255 2797 esse
1288 2754 1371 2797 sub
1403 2754 1543 2798 finem
1566 2754 1834 2798 luculentis-

156 2816 271 2860 simo
297 2816 469 2860 codicis
493 2815 736 2861 Bernensis
762 2823 846 2864 156
871 2819 1080 2876 exemplo
1105 2820 1411 2876 cognoscitur,
1435 2820 1484 2862 in
1508 2834 1598 2876 quo
1621 2833 1835 2864 versuum

156 2896 372 2928 numerus
397 2882 477 2939 qui
503 2883 697 2939 singulis
720 2884 906 2941 paginis
931 2885 1161 2941 leguntur,
1188 2899 1214 2929 a
1240 2890 1295 2930 50
1321 2886 1485 2930 crescit
1508 2900 1653 2943 usque
1679 2887 1738 2930 ad
1766 2891 1832 2930 75.
