2014 3138
737 103 740 106 ’
776 112 982 157 Editoris
1012 111 1256 178 praefatio.
1674 111 1863 155 XXXIX

177 270 339 317 pauca
376 269 475 303 non
514 253 694 314 deesse,
734 268 882 314 quam
922 253 1026 300 sine
1063 252 1156 300 hoc
1196 252 1477 299 adiumento
1519 251 1781 299 editionem
1812 253 1863 297 in

172 336 426 397 publicum
465 335 639 383 emitti.

286 417 388 463 iam
434 430 550 462 vero
608 430 718 462 cum
777 415 839 461 ad
895 413 1043 461 finem
1100 414 1487 475 pervenerimus,
1537 412 1663 460 nihil
1707 415 1884 460 restat.

174 498 273 545 nisi
319 499 376 543 ut
421 497 608 558 gratias
648 511 794 558 agam
834 496 902 542 eis
942 496 1062 543 viris
1101 494 1280 555 doctis,
1328 509 1537 555 quorum
1582 509 1675 556 ope
1715 495 1868 555 atque>

174 577 362 625 auxilia
401 576 572 624 adiuta
602 576 840 624 Achilleis
879 577 1048 623 nostra
1088 591 1218 623 nunc
1248 575 1417 637 prodit
1446 577 1498 622 in
1531 575 1704 622 lucem.
1768 591 1864 636 quo

172 660 226 705 in
265 673 468 706 numero
506 658 753 719 imprimis
783 659 983 705 nomino
1024 672 1104 704 eos
1138 658 1224 718 qui
1252 655 1580 718 bybliothecis
1611 655 1864 703 Parisinae

175 742 226 787 et
255 739 537 787 Monacensi
567 740 818 800 praesunt,
849 738 1033 800 quibus.
1059 737 1342 785 auctoribus
1375 737 1565 785 codices
1588 736 1866 784 Puteanum

176 822 227 867 et
240 819 521 868 Parisinum
546 819 796 867 commode
820 819 942 866 mihi
966 819 1110 867 licuit
1133 819 1375 879 conferre3
1399 818 1574 866 deinde
1589 817 1866 866 Fridolfum

178 899 494 956 Gustafsson'‚
543 902 629 961 qui
666 916 764 947 non
804 900 963 947 solum
1006 900 1065 948 de
1112 900 1276 948 codice
1313 899 1558 946 Vaticano
1610 901 1868 960 quaerenti
1911 919 1915 922 >

164 982 300 1029 ’mihi
336 982 686 1045 benignissime
723 981 933 1041 rettulit,
973 980 1055 1028 sed
1088 982 1238 1029 etiam
1271 980 1329 1028 de
1359 980 1532 1028 multis
1563 979 1866 1027 Achilleidos

177 1062 298 1126 locis
353 1062 648 1110 sententiam
699 1076 838 1109 suam
889 1078 1080 1109 mecum
1130 1063 1524 1109 communicavit.
1614 1061 1665 1108 id
1715 1077 1868 1108 unum

177 1143 341 1203 doleo,
389 1142 519 1204 quod
564 1144 695 1190 inter
738 1142 978 1190 Addenda
1022 1142 1364 1190 tantummodo
1410 1143 1648 1189 nonnulla
1695 1157 1752 1189 ex
1799 1143 1867 1189 eis

182 1224 394 1286 proferri
416 1225 697 1285 potuerunt,
717 1238 828 1270 cum
851 1225 1014 1271 textus
1038 1225 1138 1270 iam
1161 1223 1298 1284 prelo
1324 1225 1449 1271 esset
1471 1223 1698 1271 traditus.
1740 1222 1870 1283 quod

179 1320 290 1352 cum
313 1304 564 1352 Ludovico
581 1303 773 1352 Traube
798 1306 992 1365 saepius
1017 1304 1076 1352 de
1099 1304 1243 1352 rebus
1267 1304 1694 1367 palaeographicis
1719 1303 1867 1351 collo-

180 1387 265 1447 qui
291 1386 454 1445 licuit,
484 1400 674 1433 summo
698 1385 821 1432 mihi
853 1386 1180 1434 emolumento
1211 1386 1362 1433 fuisse
1386 1386 1529 1448 grato
1562 1387 1725 1432 animo
1758 1400 1867 1446 pro-

179 1467 334 1515 fiteor.
396 1466 571 1514 deinde
601 1465 880 1514 Fridericus
910 1466 1132 1514 Vollmer
1172 1467 1368 1530 egregia
1402 1481 1498 1526 qua
1532 1467 1606 1513 est
1637 1467 1868 1513 comitate

180 1548 407 1611 plagulas
439 1561 572 1595 meas
603 1549 820 1609 inspexit
850 1563 938 1595 nec
961 1563 1060 1595 non
1083 1547 1240 1594 multa
1267 1563 1322 1595 ex
1347 1545 1591 1594 uberrimo
1617 1546 1869 1595 doctrinae

178 1644 297 1676 suae
334 1629 470 1677 fonte
509 1627 763 1690 adspersit.
841 1630 1037 1690 praeter
1077 1645 1187 1676 eum
1225 1630 1278 1675 in
1325 1643 1584 1689 operarum
1625 1627 1868 1675 erroribus

182 1708 514 1756 emaculandis
547 1710 773 1756 strenuus
805 1709 1001 1756 adiutor
1031 1710 1129 1756 fuit
1160 1711 1345 1756 amicus
1379 1707 1617 1770 Georgius
1640 1707 1866 1757 Lehnert.

182 1804 397 1838 summas
451 1804 566 1836 vero
620 1791 801 1836 iterum
855 1791 1041 1852 gratias
1096 1805 1189 1854 ago
1238 1791 1386 1850 atque
1430 1788 1586 1836 habeo
1632 1789 1868 1836 Mauritio

183 1870 366 1931 Krohn,
407 1872 492 1931 qui
537 1886 635 1917 non
683 1870 841 1918 solum
879 1871 970 1917 hoc
1010 1869 1163 1917 subiit
1200 1884 1399 1929 munus,
1446 1869 1530 1917 sed
1570 1871 1720 1917 etiam
1758 1885 1869 1917 cum

182 1968 295 1999 vere
333 1951 478 1998 huius
518 1952 648 2010 anni,
687 1951 772 1998 ille
811 1954 867 1997 ut
905 1951 965 1998 ab
1006 1951 1171 2011 officii,
1211 1966 1299 2014 ego
1340 1953 1397 1997 ut
1427 1966 1457 1997 a
1487 1951 1696 1997 militiae
1734 1950 1868 1997 labo-

182 2032 317 2080 ribus
355 2047 699 2091 recrearemur,
739 2047 933 2079 carmen
973 2031 1324 2079 nitidissimum
1356 2033 1603 2079 communi
1632 2034 1867 2078 tractare-

182 2128 291 2161 mus
352 2113 582 2172 lectione,
643 2111 703 2160 de
764 2113 932 2160 multis
994 2113 1114 2160 locis
1178 2113 1533 2160 amoenissimis
1595 2112 1868 2173 conloquiis

184 2209 375 2242 mecum
414 2193 701 2255 disputavit.

297 2311 482 2373 Scripsi
519 2311 749 2359 Monachi
786 2326 950 2358 mense
989 2311 1214 2374 Augusto
1255 2313 1373 2358 anni
1412 2309 1594 2357 MOMI.

1275 2449 1557 2505 Alfredus
1596 2450 1793 2504 Klotz.
