2014 3138
143 81 334 131 XXVIII
747 83 952 129 Editor-is
981 85 1230 142 praefatio.

141 222 373 271 librarius
414 216 525 290 (03)
565 223 752 272 scholia
790 225 1054 288 adscripsit
1091 223 1142 276 et
1178 229 1360 277 multas
1398 229 1561 278 varias
1599 229 1834 280 lectiones

142 303 346 352 addidit.
400 305 550 366 paulo
581 308 695 367 post
719 321 830 353 eum
862 310 1066 369 quartus
1090 309 1143 356 in
1168 309 1332 358 codice
1356 313 1608 374 grassatus
1634 313 1723 374 est,
1746 313 1834 375 qui

143 385 360 447 antiquis
400 386 695 436 lectionibus
734 388 886 436 ferme
926 389 1076 438 erasis
1116 406 1229 440 suas
1260 392 1599 455 undecumque
1629 393 1833 445 haustas

142 469 502 530 suprascripsit.

253 552 574 598 correctorem
619 552 836 612 primum
881 552 1045 600 codice
1092 554 1306 616 quodam
1350 570 1493 604 usum
1532 571 1658 619 esse,
1703 556 1833 605 unde

141 645 327 679 errores
374 634 452 680 sat
495 632 678 680 multos
725 648 847 694 quos
893 633 1125 683 librarius
1172 638 1483 685 commiserat
1537 636 1833 700 emendaret,

141 712 225 769 sed
275 729 374 761 non
421 713 605 775 eodem,
651 713 780 762 unde
819 714 1050 764 librarius
1088 719 1279 766 textum
1322 720 1722 782 transcripserat,
1775 735 1832 768 eo

138 794 392 856 probatur,
438 795 570 856 quod
615 811 714 843 non
761 796 921 844 solum
962 798 1133 846 multis
1179 799 1299 847 locis
1346 802 1584 863 genuinas
1629 800 1831 850 reduces

139 876 258 924 fecit
297 876 531 925 lectiones
571 892 601 924 a
639 876 843 925 librario
882 879 986 926 sive
1023 880 1336 943 neglegentia
1367 883 1469 930 sive
1498 883 1697 931 inscitia
1725 899 1832 931 mu«-

138 959 293 1019 tatas,
344 958 428 1006 sed
479 959 630 1007 etiam
672 961 891 1022 integros
930 975 1099 1009 versus
1146 960 1339 1010 addidit
1385 962 1445 1010 ab
1484 964 1573 1012 illo
1613 965 1829 1013 omissos

139 1039 198 1087 de
236 1055 417 1102 magno
450 1039 643 1102 damno,
684 1041 815 1102 quod
846 1041 1066 1090 versibus
1109 1043 1212 1091 529
1227 1058 1297 1106 sq.
1338 1044 1525 1093 factum
1565 1047 1661 1107 est,
1701 1045 1832 1093 infra

139 1120 400 1169 dicendum
447 1123 553 1170 erit.
637 1124 835 1185 praeter
880 1122 968 1171 hos
1015 1139 1183 1173 versus
1233 1126 1287 1172 in
1331 1125 1629 1188 Achilleide,
1683 1142 1832 1189 quam

139 1203 295 1251 solam
349 1202 582 1251 collatam
635 1203 806 1266 habeo,
861 1207 1105 1253 corrector
1158 1206 1233 1254 bis
1288 1207 1507 1270 singulos
1561 1209 1832 1271 supplevit:

137 1283 162 1331 I
196 1285 300 1332 338
341 1279 587 1348 (templa)
636 1300 722 1333 nec
769 1286 986 1334 instabili
1033 1287 1173 1346 fama
1221 1283 1592 1354 supel<rabere>
1642 1289 1744 1338 delo
1784 1292 1834 1338 et

126 1366 188 1413 -II
222 1367 289 1414 28
338 1366 605 1415 Paruimus
642 1368 849 1416 nimium
887 1367 1011 1415 bella
1048 1369 1115 1416 ad
1154 1364 1442 1436 t<roiana>l
1476 1366 1763 1436 r<atesque>
1775 1364 1833 1438 1),

140 1448 226 1510 qui
271 1462 440 1496 versus
488 1448 723 1497 facillime
769 1450 936 1511 potuit
980 1450 1221 1498 transiliri
1273 1454 1477 1513 propter
1521 1451 1681 1500 simile
1727 1454 1831 1501 eius

140 1532 190 1577 et
221 1528 555 1578 antecedentis
586 1530 899 1593 principium.
963 1531 1062 1579 alio
1102 1533 1267 1579 autem
1307 1532 1485 1594 codice,
1523 1548 1622 1581 non
1661 1533 1831 1582 eodem

138 1626 235 1673 quo
283 1605 347 1660 01
400 1626 543 1659 usum
599 1627 700 1660 esse
755 1614 1091 1674 correctorem,
1131 1614 1211 1661 vel
1263 1613 1378 1662 inde
1427 1613 1652 1676 efficitur,
1698 1614 1831 1677 quod

136 1707 306 1741 versus
337 1693 451 1740 illos
483 1707 513 1739 a
545 1692 748 1741 librario
781 1694 984 1742 omissos
1016 1693 1042 1742 I
1068 1695 1360 1744 529—660
1391 1695 1654 1758 supplevit.
1708 1711 1832 1759 quos

137 1776 191 1821 in
239 1774 509 1836 exemplari
554 1790 653 1823 non
699 1775 850 1823 fuisse
896 1777 1085 1823 certum
1132 1777 1217 1825 est.
1295 1776 1471 1825 deinde
1512 1793 1623 1825 cum
1659 1777 1831 1827 multis

135 1856 257 1904 locis
282 1855 496 1919 genuina
526 1858 832 1904 revocaverit
863 1859 913 1905 et
941 1857 1192 1906 nonnullis
1223 1858 1359 1920 locis,
1389 1857 1477 1906 ubi
1506 1859 1831 1922 interpolatas

135 1937 370 1986 lectiones
409 1937 641 1986 librarius
680 1938 1028 2000 inculcaverat,
1066 1955 1166 1987 non
1195 1954 1283 1988 suo
1314 1940 1474 1988 Marte
1509 1943 1830 1989 correctorem

138 2021 295 2082 egisse
329 2020 534 2081 eluceat,
565 2019 696 2068 idem
727 2019 1087 2081 comprobatur.
1142 2021 1215 2068 nil
1239 2037 1368 2069 nunc
1391 2021 1499 2070 dico
1531 2021 1590 2070 de
1622 2022 1830 2086 singulis

135 2100 372 2162 versibus,
404 2116 526 2162 quos
558 2104 803 2149 corrector
833 2101 1039 2163 addidit,
1071 2101 1156 2150 sed
1194 2102 1323 2150 unde
1361 2104 1575 2150 sumeret
1612 2103 1826 2167 genuina

135 2182 232 2230 nisi
273 2198 330 2229 ex
370 2182 534 2230 codice
574 2182 741 2244 aliquo
780 2182 856 2230 his
895 2182 1037 2230 locis:

247 2263 271 2309 I
305 2265 410 2310 413
451 2262 580 2312 Aere
617 2266 794 2312 sonam}
831 2266 998 2322 temese
1037 2258 1120 2313 0¹:
1167 2262 1304 2312 Aera
1347 2265 1511 2313 domat
1560 2266 1726 2314 temese
1765 2258 1829 2314 0²

247 2343 270 2391 I
304 2344 410 2392 434
449 2345 696 2393 hwmentia
736 2338 819 2393 01:
858 2345 1064 2393 humitia
1104 2339 1168 2393 0²
1185 2339 1227 2411 2)

247 2424 297 2472 Π
333 2426 398 2473 13
439 2423 704 2485 Aequoreis
745 2420 829 2476 0¹:
869 2426 954 2474 ubi
992 2422 1108 2474 -re'b’
1148 2428 1472 2489 supracripsit
1511 2420 1575 2475 0²
1591 2420 1633 2493 3)

246 2505 297 2554 II
331 2507 397 2553 65
447 2509 600 2566 captis
643 2507 782 2556 illam
828 2510 939 2555 twnc
983 2509 1166 2556 devehit
1202 2510 1336 2569 arqis
1375 2503 1460 2557 0¹:
1500 2509 1530 2556 ὗ
1562 2511 1724 2569 captos
1761 2508 1828 2558 ad
1912 2518 1920 2525 ·

126 2601 365 2648 perqama
404 2589 587 2636 devehit
623 2603 767 2650 aryos
806 2582 871 2637 02

256 2702 298 2755 1)
350 2712 469 2755 quae
519 2700 650 2743 uncis
702 2700 863 2744 fractis
916 2699 1222 2754 circumdedi,
1271 2715 1375 2744 cum
1421 2700 1631 2758 margine
1676 2700 1825 2745 recisa

134 2765 384 2821 perierunt.

255 2835 298 2887 2)
331 2833 387 2876 cf.
422 2832 545 2877 infra
574 2848 619 2889 p.
646 2833 847 2877 XXXIII.

255 2902 297 2954 3)
331 2899 494 2943 debuit
527 2913 636 2943 sane
670 2901 824 2956 -rib’q,
