<?xml version="1.0" encoding="UTF-8"?>
<!DOCTYPE html PUBLIC "-//W3C//DTD XHTML 1.0 Transitional//EN"
    "http://www.w3.org/TR/xhtml1/DTD/xhtml1-transitional.dtd">
<html xmlns="http://www.w3.org/1999/xhtml" xml:lang="en" lang="en">
 <head>
  <title>
</title>
<meta http-equiv="Content-Type" content="text/html;charset=utf-8" />
  <meta name='ocr-system' content='tesseract 3.04.00' />
  <meta name='ocr-capabilities' content='ocr_page ocr_carea ocr_par ocr_line ocrx_word'/>
</head>
<body>
  <div class='ocr_page' id='page_1' title='image "./ppapinistatiachi00statuoft_0024.png"; bbox 0 0 2014 3138; ppageno 0'>
   <div class='ocr_carea' id='block_1_1' title="bbox 159 89 1247 147">
    <p class='ocr_par' dir='ltr' id='par_1_1' title="bbox 159 89 1247 147">
     <span class='ocr_line' id='line_1_1' title="bbox 159 89 1247 147; baseline -0.003 -10"><span class='ocrx_word' id='word_1_1' title='bbox 159 91 309 137; x_wconf 80' lang='lat' dir='ltr'><strong>XVIII</strong></span> <span class='ocrx_word' id='word_1_2' title='bbox 766 90 972 135; x_wconf 84' lang='lat' dir='ltr'><strong>Editoris</strong></span> <span class='ocrx_word' id='word_1_3' title='bbox 1000 89 1247 147; x_wconf 80' lang='lat' dir='ltr'><strong>praefatiq.</strong></span> 
     </span>
    </p>
   </div>
   <div class='ocr_carea' id='block_1_2' title="bbox 163 231 1860 1783">
    <p class='ocr_par' dir='ltr' id='par_1_2' title="bbox 163 231 1860 1783">
     <span class='ocr_line' id='line_1_2' title="bbox 502 231 1355 280; baseline 0.001 -1"><span class='ocrx_word' id='word_1_4' title='bbox 502 231 547 279; x_wconf 92' lang='lat' dir='ltr'><strong>X</strong></span> <span class='ocrx_word' id='word_1_5' title='bbox 581 232 685 279; x_wconf 87' lang='grc'><strong>321</strong></span> <span class='ocrx_word' id='word_1_6' title='bbox 728 232 927 279; x_wconf 76' lang='lat' dir='ltr'><strong>tacentis</strong></span> <span class='ocrx_word' id='word_1_7' title='bbox 961 233 1028 279; x_wconf 93' lang='lat' dir='ltr'><strong>P:</strong></span> <span class='ocrx_word' id='word_1_8' title='bbox 1066 231 1266 280; x_wconf 73' lang='lat' dir='ltr'><strong>iacentis</strong></span> <span class='ocrx_word' id='word_1_9' title='bbox 1303 245 1355 280; x_wconf 88' lang='grc' dir='ltr'>ω</span> 
     </span>
     <span class='ocr_line' id='line_1_3' title="bbox 500 312 1213 361; baseline 0.001 -1"><span class='ocrx_word' id='word_1_10' title='bbox 500 313 546 360; x_wconf 89' lang='grc' dir='ltr'>Χ</span> <span class='ocrx_word' id='word_1_11' title='bbox 580 313 683 360; x_wconf 89' lang='grc'><strong>742</strong></span> <span class='ocrx_word' id='word_1_12' title='bbox 726 312 854 360; x_wconf 76' lang='lat' dir='ltr'><strong>alias</strong></span> <span class='ocrx_word' id='word_1_13' title='bbox 891 315 957 360; x_wconf 88' lang='lat' dir='ltr'><strong>P:</strong></span> <span class='ocrx_word' id='word_1_14' title='bbox 995 312 1124 361; x_wconf 75' lang='lat' dir='ltr'><strong>altas</strong></span> <span class='ocrx_word' id='word_1_15' title='bbox 1162 326 1213 361; x_wconf 88' lang='grc' dir='ltr'>ω</span> 
     </span>
     <span class='ocr_line' id='line_1_4' title="bbox 501 394 1240 442; baseline 0.001 -1"><span class='ocrx_word' id='word_1_16' title='bbox 501 394 546 441; x_wconf 91' lang='grc' dir='ltr'>Χ</span> <span class='ocrx_word' id='word_1_17' title='bbox 581 394 685 442; x_wconf 86' lang='grc'><strong>755</strong></span> <span class='ocrx_word' id='word_1_18' title='bbox 725 394 867 441; x_wconf 76' lang='lat' dir='ltr'><strong>tubas</strong></span> <span class='ocrx_word' id='word_1_19' title='bbox 902 396 969 442; x_wconf 88' lang='lat' dir='ltr'><strong>P:</strong></span> <span class='ocrx_word' id='word_1_20' title='bbox 1007 394 1151 442; x_wconf 77' lang='lat' dir='ltr'><strong>iubas</strong></span> <span class='ocrx_word' id='word_1_21' title='bbox 1189 407 1240 442; x_wconf 87' lang='grc' dir='ltr'>ω</span> 
     </span>
     <span class='ocr_line' id='line_1_5' title="bbox 503 475 1227 538; baseline 0.001 -15"><span class='ocrx_word' id='word_1_22' title='bbox 503 475 548 523; x_wconf 87' lang='grc' dir='ltr'>Χ</span> <span class='ocrx_word' id='word_1_23' title='bbox 583 477 685 525; x_wconf 84' lang='grc'><strong>779</strong></span> <span class='ocrx_word' id='word_1_24' title='bbox 725 475 882 538; x_wconf 60' lang='grc' dir='ltr'><strong><em>Ιεοτςότ</em></strong></span> <span class='ocrx_word' id='word_1_25' title='bbox 911 478 978 523; x_wconf 92' lang='lat' dir='ltr'><strong>P:</strong></span> <span class='ocrx_word' id='word_1_26' title='bbox 1016 475 1139 523; x_wconf 79' lang='lat' dir='ltr'><strong>Iecit</strong></span> <span class='ocrx_word' id='word_1_27' title='bbox 1175 489 1227 524; x_wconf 89' lang='grc' dir='ltr'>ω</span> 
     </span>
     <span class='ocr_line' id='line_1_6' title="bbox 476 556 1504 618; baseline 0.001 -12"><span class='ocrx_word' id='word_1_28' title='bbox 476 557 548 606; x_wconf 90' lang='lat' dir='ltr'><strong>XI</strong></span> <span class='ocrx_word' id='word_1_29' title='bbox 580 558 684 606; x_wconf 88' lang='lat'><strong>339</strong></span> <span class='ocrx_word' id='word_1_30' title='bbox 724 556 1001 617; x_wconf 74' lang='lat' dir='ltr'><strong>Expertare</strong></span> <span class='ocrx_word' id='word_1_31' title='bbox 1036 560 1103 605; x_wconf 89' lang='lat' dir='ltr'><strong>P:</strong></span> <span class='ocrx_word' id='word_1_32' title='bbox 1140 557 1415 618; x_wconf 73' lang='lat' dir='ltr'><strong>Eaeperiare</strong></span> <span class='ocrx_word' id='word_1_33' title='bbox 1453 571 1504 607; x_wconf 90' lang='grc' dir='ltr'>ω</span> 
     </span>
     <span class='ocr_line' id='line_1_7' title="bbox 464 627 1218 687; baseline -0.003 0"><span class='ocrx_word' id='word_1_34' title='bbox 464 627 548 687; x_wconf 80' lang='lat' dir='ltr'><strong>&#39;XI</strong></span> <span class='ocrx_word' id='word_1_35' title='bbox 579 639 688 687; x_wconf 86' lang='lat'><strong>460</strong></span> <span class='ocrx_word' id='word_1_36' title='bbox 726 640 858 687; x_wconf 76' lang='lat' dir='ltr'><strong>vitiis</strong></span> <span class='ocrx_word' id='word_1_37' title='bbox 893 641 960 686; x_wconf 88' lang='lat' dir='ltr'><strong>P:</strong></span> <span class='ocrx_word' id='word_1_38' title='bbox 999 639 1129 686; x_wconf 70' lang='lat' dir='ltr'><strong>vittis</strong></span> <span class='ocrx_word' id='word_1_39' title='bbox 1167 652 1218 686; x_wconf 89' lang='grc' dir='ltr'>ω</span> 
     </span>
     <span class='ocr_line' id='line_1_8' title="bbox 450 714 1008 777; baseline -0.002 -9"><span class='ocrx_word' id='word_1_40' title='bbox 450 720 548 768; x_wconf 90' lang='lat' dir='ltr'><strong>XII</strong></span> <span class='ocrx_word' id='word_1_41' title='bbox 618 721 687 768; x_wconf 83' lang='lat'><strong>24</strong></span> <span class='ocrx_word' id='word_1_42' title='bbox 727 722 798 777; x_wconf 60' lang='lat' dir='ltr'><strong>att</strong></span> <span class='ocrx_word' id='word_1_43' title='bbox 832 718 907 768; x_wconf 71' lang='lat' dir='ltr'><strong>illi</strong></span> <span class='ocrx_word' id='word_1_44' title='bbox 941 714 1008 768; x_wconf 68' lang='grc' dir='ltr'><strong>Ρ1</strong></span> 
     </span>
     <span class='ocr_line' id='line_1_9' title="bbox 451 805 967 888; baseline -0.004 -15"><span class='ocrx_word' id='word_1_45' title='bbox 451 824 549 873; x_wconf 83' lang='grc' dir='ltr'><strong>ΧΠ</strong></span> <span class='ocrx_word' id='word_1_46' title='bbox 620 824 688 872; x_wconf 83' lang='lat'><strong>67</strong></span> <span class='ocrx_word' id='word_1_47' title='bbox 726 805 864 888; x_wconf 59' lang='lat' dir='ltr'><strong>{taem</strong></span> <span class='ocrx_word' id='word_1_48' title='bbox 901 817 967 871; x_wconf 77' lang='lat'><strong>1³1</strong></span> 
     </span>
     <span class='ocr_line' id='line_1_10' title="bbox 451 898 1398 972; baseline 0 -18"><span class='ocrx_word' id='word_1_49' title='bbox 451 907 549 954; x_wconf 92' lang='lat' dir='ltr'><strong>XII</strong></span> <span class='ocrx_word' id='word_1_50' title='bbox 583 907 687 954; x_wconf 83' lang='lat'><strong>279</strong></span> <span class='ocrx_word' id='word_1_51' title='bbox 727 903 890 954; x_wconf 78' lang='lat' dir='ltr'><em>Altior</em></span> <span class='ocrx_word' id='word_1_52' title='bbox 926 908 993 953; x_wconf 93' lang='lat' dir='ltr'><strong>P:</strong></span> <span class='ocrx_word' id='word_1_53' title='bbox 1031 902 1175 953; x_wconf 75' lang='lat' dir='ltr'><em>Alior</em></span> <span class='ocrx_word' id='word_1_54' title='bbox 1212 908 1256 954; x_wconf 78' lang='lat' dir='ltr'><strong>et</strong></span> <span class='ocrx_word' id='word_1_55' title='bbox 1292 898 1398 972; x_wconf 68' lang='lat' dir='ltr'><strong>ml)</strong></span> 
     </span>
     <span class='ocr_line' id='line_1_11' title="bbox 164 995 1855 1059; baseline 0 -14"><span class='ocrx_word' id='word_1_56' title='bbox 164 999 285 1046; x_wconf 85' lang='lat' dir='ltr'><strong>nota</strong></span> <span class='ocrx_word' id='word_1_57' title='bbox 331 997 420 1045; x_wconf 89' lang='lat' dir='ltr'><strong>sub</strong></span> <span class='ocrx_word' id='word_1_58' title='bbox 466 995 616 1044; x_wconf 90' lang='lat' dir='ltr'><strong>finem</strong></span> <span class='ocrx_word' id='word_1_59' title='bbox 662 1009 874 1043; x_wconf 82' lang='lat' dir='ltr'><strong>erescere</strong></span> <span class='ocrx_word' id='word_1_60' title='bbox 918 1010 1177 1042; x_wconf 87' lang='lat' dir='ltr'><strong>numerum</strong></span> <span class='ocrx_word' id='word_1_61' title='bbox 1223 1009 1443 1043; x_wconf 81' lang='lat' dir='ltr'><strong>errorum</strong></span> <span class='ocrx_word' id='word_1_62' title='bbox 1478 996 1735 1059; x_wconf 83' lang='lat' dir='ltr'><strong>rariusque</strong></span> <span class='ocrx_word' id='word_1_63' title='bbox 1773 1012 1855 1046; x_wconf 90' lang='lat' dir='ltr'><strong>eos</strong></span> 
     </span>
     <span class='ocr_line' id='line_1_12' title="bbox 166 1075 1095 1142; baseline -0.002 -15"><span class='ocrx_word' id='word_1_64' title='bbox 166 1079 227 1128; x_wconf 89' lang='lat' dir='ltr'><strong>ab</strong></span> <span class='ocrx_word' id='word_1_65' title='bbox 266 1079 374 1142; x_wconf 86' lang='lat' dir='ltr'><strong>ipso</strong></span> <span class='ocrx_word' id='word_1_66' title='bbox 412 1077 615 1126; x_wconf 86' lang='lat' dir='ltr'><strong>librario</strong></span> <span class='ocrx_word' id='word_1_67' title='bbox 655 1091 759 1125; x_wconf 86' lang='lat' dir='ltr'><strong>esse</strong></span> <span class='ocrx_word' id='word_1_68' title='bbox 798 1075 1095 1125; x_wconf 86' lang='lat' dir='ltr'><strong>emendatos.</strong></span> 
     </span>
     <span class='ocr_line' id='line_1_13' title="bbox 278 1157 1856 1220; baseline -0.001 -11"><span class='ocrx_word' id='word_1_69' title='bbox 278 1160 362 1209; x_wconf 88' lang='lat' dir='ltr'><strong>sed</strong></span> <span class='ocrx_word' id='word_1_70' title='bbox 401 1161 552 1208; x_wconf 87' lang='lat' dir='ltr'><strong>etiam</strong></span> <span class='ocrx_word' id='word_1_71' title='bbox 595 1159 724 1206; x_wconf 88' lang='lat' dir='ltr'><strong>aliae</strong></span> <span class='ocrx_word' id='word_1_72' title='bbox 769 1157 1181 1206; x_wconf 85' lang='lat' dir='ltr'><strong>commutationes</strong></span> <span class='ocrx_word' id='word_1_73' title='bbox 1222 1174 1346 1220; x_wconf 87' lang='lat' dir='ltr'><strong>quae</strong></span> <span class='ocrx_word' id='word_1_74' title='bbox 1386 1175 1412 1207; x_wconf 92' lang='lat' dir='ltr'><strong>e</strong></span> <span class='ocrx_word' id='word_1_75' title='bbox 1449 1159 1737 1209; x_wconf 84' lang='lat' dir='ltr'><strong>minusculis</strong></span> <span class='ocrx_word' id='word_1_76' title='bbox 1775 1161 1856 1208; x_wconf 89' lang='lat' dir='ltr'><strong>lit-</strong></span> 
     </span>
     <span class='ocr_line' id='line_1_14' title="bbox 163 1238 1857 1303; baseline 0 -13"><span class='ocrx_word' id='word_1_77' title='bbox 163 1244 283 1290; x_wconf 85' lang='lat' dir='ltr'><strong>teris</strong></span> <span class='ocrx_word' id='word_1_78' title='bbox 320 1242 524 1290; x_wconf 80' lang='lat' dir='ltr'><strong>minime</strong></span> <span class='ocrx_word' id='word_1_79' title='bbox 563 1240 886 1303; x_wconf 72' lang='lat' dir='ltr'>explicantur,</span> <span class='ocrx_word' id='word_1_80' title='bbox 925 1238 1041 1286; x_wconf 84' lang='lat' dir='ltr'><strong>licet</strong></span> <span class='ocrx_word' id='word_1_81' title='bbox 1077 1254 1190 1287; x_wconf 82' lang='lat' dir='ltr'><strong>raro</strong></span> <span class='ocrx_word' id='word_1_82' title='bbox 1228 1240 1559 1289; x_wconf 85' lang='lat' dir='ltr'><strong>inveniuntur.</strong></span> <span class='ocrx_word' id='word_1_83' title='bbox 1627 1242 1857 1290; x_wconf 85' lang='lat' dir='ltr'><strong>vetustis-</strong></span> 
     </span>
     <span class='ocr_line' id='line_1_15' title="bbox 167 1321 1856 1384; baseline -0.001 -11"><span class='ocrx_word' id='word_1_84' title='bbox 167 1326 347 1373; x_wconf 85' lang='lat' dir='ltr'><strong>simum</strong></span> <span class='ocrx_word' id='word_1_85' title='bbox 382 1324 526 1371; x_wconf 89' lang='lat' dir='ltr'><strong>illum</strong></span> <span class='ocrx_word' id='word_1_86' title='bbox 563 1322 746 1370; x_wconf 82' lang='lat' dir='ltr'><strong>librum</strong></span> <span class='ocrx_word' id='word_1_87' title='bbox 775 1321 969 1368; x_wconf 73' lang='lat' dir='ltr'>litteras</span> <span class='ocrx_word' id='word_1_88' title='bbox 999 1335 1027 1367; x_wconf 80' lang='lat' dir='ltr'><em>r</em></span> <span class='ocrx_word' id='word_1_89' title='bbox 1057 1322 1108 1368; x_wconf 88' lang='lat' dir='ltr'><strong>et</strong></span> <span class='ocrx_word' id='word_1_90' title='bbox 1128 1335 1183 1382; x_wconf 74' lang='lat' dir='ltr'><strong>p,</strong></span> <span class='ocrx_word' id='word_1_91' title='bbox 1223 1321 1256 1368; x_wconf 82' lang='lat' dir='ltr'><em>d</em></span> <span class='ocrx_word' id='word_1_92' title='bbox 1287 1323 1336 1369; x_wconf 88' lang='lat' dir='ltr'><strong>et</strong></span> <span class='ocrx_word' id='word_1_93' title='bbox 1368 1323 1410 1383; x_wconf 87' lang='lat' dir='ltr'><strong>b,</strong></span> <span class='ocrx_word' id='word_1_94' title='bbox 1447 1338 1475 1369; x_wconf 82' lang='lat' dir='ltr'><em>r</em></span> <span class='ocrx_word' id='word_1_95' title='bbox 1506 1323 1556 1371; x_wconf 88' lang='lat' dir='ltr'><strong>et</strong></span> <span class='ocrx_word' id='word_1_96' title='bbox 1586 1323 1628 1384; x_wconf 86' lang='lat' dir='ltr'><strong>b,</strong></span> <span class='ocrx_word' id='word_1_97' title='bbox 1658 1337 1698 1383; x_wconf 74' lang='lat' dir='ltr'><em>p</em></span> <span class='ocrx_word' id='word_1_98' title='bbox 1731 1324 1781 1371; x_wconf 87' lang='lat' dir='ltr'><strong>et</strong></span> <span class='ocrx_word' id='word_1_99' title='bbox 1811 1323 1856 1384; x_wconf 79' lang='lat' dir='ltr'><strong>d,</strong></span> 
     </span>
     <span class='ocr_line' id='line_1_16' title="bbox 166 1401 1859 1469; baseline -0.003 -12"><span class='ocrx_word' id='word_1_100' title='bbox 166 1410 194 1457; x_wconf 88' lang='lat' dir='ltr'><strong><em>b</em></strong></span> <span class='ocrx_word' id='word_1_101' title='bbox 226 1408 276 1456; x_wconf 88' lang='lat' dir='ltr'><strong>et</strong></span> <span class='ocrx_word' id='word_1_102' title='bbox 297 1422 352 1469; x_wconf 58' lang='grc' dir='ltr'><strong>χο,</strong></span> <span class='ocrx_word' id='word_1_103' title='bbox 392 1406 425 1454; x_wconf 80' lang='lat' dir='ltr'><em>d</em></span> <span class='ocrx_word' id='word_1_104' title='bbox 463 1407 512 1453; x_wconf 87' lang='lat' dir='ltr'><strong>et</strong></span> <span class='ocrx_word' id='word_1_105' title='bbox 549 1420 575 1452; x_wconf 84' lang='lat' dir='ltr'><em>r</em></span> <span class='ocrx_word' id='word_1_106' title='bbox 612 1405 742 1451; x_wconf 83' lang='lat' dir='ltr'><strong>inter</strong></span> <span class='ocrx_word' id='word_1_107' title='bbox 781 1417 831 1450; x_wconf 88' lang='lat' dir='ltr'><strong>se</strong></span> <span class='ocrx_word' id='word_1_108' title='bbox 870 1401 1053 1449; x_wconf 83' lang='lat' dir='ltr'><strong>Similes</strong></span> <span class='ocrx_word' id='word_1_109' title='bbox 1093 1401 1368 1451; x_wconf 85' lang='lat' dir='ltr'><strong>exhibuisse</strong></span> <span class='ocrx_word' id='word_1_110' title='bbox 1407 1419 1463 1451; x_wconf 93' lang='lat' dir='ltr'><strong>eo</strong></span> <span class='ocrx_word' id='word_1_111' title='bbox 1501 1402 1624 1451; x_wconf 82' lang='lat' dir='ltr'><strong>mihi</strong></span> <span class='ocrx_word' id='word_1_112' title='bbox 1662 1403 1859 1452; x_wconf 86' lang='lat' dir='ltr'><strong>videtur</strong></span> 
     </span>
     <span class='ocr_line' id='line_1_17' title="bbox 167 1483 1857 1551; baseline -0.004 -13"><span class='ocrx_word' id='word_1_113' title='bbox 167 1490 311 1551; x_wconf 84' lang='lat' dir='ltr'><strong>effici,</strong></span> <span class='ocrx_word' id='word_1_114' title='bbox 343 1487 475 1551; x_wconf 89' lang='lat' dir='ltr'><strong>quod</strong></span> <span class='ocrx_word' id='word_1_115' title='bbox 503 1488 557 1534; x_wconf 89' lang='lat' dir='ltr'><strong>in</strong></span> <span class='ocrx_word' id='word_1_116' title='bbox 579 1486 656 1534; x_wconf 85' lang='lat' dir='ltr'><strong>his</strong></span> <span class='ocrx_word' id='word_1_117' title='bbox 680 1485 904 1547; x_wconf 82' lang='lat' dir='ltr'><strong>peccavit</strong></span> <span class='ocrx_word' id='word_1_118' title='bbox 931 1483 1220 1545; x_wconf 87' lang='lat' dir='ltr'><strong>exemplaris</strong></span> <span class='ocrx_word' id='word_1_119' title='bbox 1243 1483 1487 1546; x_wconf 85' lang='lat' dir='ltr'><strong>librarius,</strong></span> <span class='ocrx_word' id='word_1_120' title='bbox 1515 1501 1659 1547; x_wconf 92' lang='lat' dir='ltr'><strong>quem</strong></span> <span class='ocrx_word' id='word_1_121' title='bbox 1681 1500 1857 1548; x_wconf 88' lang='lat' dir='ltr'><strong>parum</strong></span> 
     </span>
     <span class='ocr_line' id='line_1_18' title="bbox 171 1564 1860 1636; baseline -0.002 -18"><span class='ocrx_word' id='word_1_122' title='bbox 171 1587 381 1636; x_wconf 84' lang='lat' dir='ltr'><strong>gnarum</strong></span> <span class='ocrx_word' id='word_1_123' title='bbox 416 1568 627 1617; x_wconf 84' lang='lat' dir='ltr'><strong>Latinae</strong></span> <span class='ocrx_word' id='word_1_124' title='bbox 666 1568 865 1630; x_wconf 82' lang='lat' dir='ltr'><strong>linguae</strong></span> <span class='ocrx_word' id='word_1_125' title='bbox 903 1564 1055 1612; x_wconf 84' lang='lat' dir='ltr'><strong>fuisse</strong></span> <span class='ocrx_word' id='word_1_126' title='bbox 1093 1565 1172 1613; x_wconf 86' lang='lat' dir='ltr'><strong>vel</strong></span> <span class='ocrx_word' id='word_1_127' title='bbox 1206 1579 1231 1613; x_wconf 84' lang='grc'>0</span> <span class='ocrx_word' id='word_1_128' title='bbox 1261 1567 1312 1613; x_wconf 86' lang='lat' dir='ltr'><strong>et</strong></span> <span class='ocrx_word' id='word_1_129' title='bbox 1337 1581 1370 1626; x_wconf 77' lang='lat'><em>9</em></span> <span class='ocrx_word' id='word_1_130' title='bbox 1408 1566 1691 1629; x_wconf 81' lang='lat' dir='ltr'><strong>saepissime</strong></span> <span class='ocrx_word' id='word_1_131' title='bbox 1728 1566 1860 1615; x_wconf 88' lang='lat' dir='ltr'><strong>inter</strong></span> 
     </span>
     <span class='ocr_line' id='line_1_19' title="bbox 168 1648 1858 1713; baseline -0.003 -11"><span class='ocrx_word' id='word_1_132' title='bbox 168 1668 218 1702; x_wconf 87' lang='lat' dir='ltr'><strong>se</strong></span> <span class='ocrx_word' id='word_1_133' title='bbox 250 1650 563 1701; x_wconf 83' lang='lat' dir='ltr'><strong>commutatis</strong></span> <span class='ocrx_word' id='word_1_134' title='bbox 594 1648 845 1713; x_wconf 87' lang='lat' dir='ltr'><strong>probatur.</strong></span> <span class='ocrx_word' id='word_1_135' title='bbox 907 1662 1067 1709; x_wconf 84' lang='lat' dir='ltr'><strong>pauca</strong></span> <span class='ocrx_word' id='word_1_136' title='bbox 1098 1649 1214 1695; x_wconf 87' lang='lat' dir='ltr'><strong>sunt</strong></span> <span class='ocrx_word' id='word_1_137' title='bbox 1245 1649 1478 1710; x_wconf 83' lang='lat' dir='ltr'><strong>cuiusque</strong></span> <span class='ocrx_word' id='word_1_138' title='bbox 1510 1648 1703 1712; x_wconf 85' lang='lat' dir='ltr'><strong>generis</strong></span> <span class='ocrx_word' id='word_1_139' title='bbox 1733 1664 1858 1710; x_wconf 86' lang='lat' dir='ltr'><strong>quae</strong></span> 
     </span>
     <span class='ocr_line' id='line_1_20' title="bbox 167 1728 918 1783; baseline -0.011 0"><span class='ocrx_word' id='word_1_140' title='bbox 167 1734 317 1783; x_wconf 86' lang='lat' dir='ltr'><strong>velim</strong></span> <span class='ocrx_word' id='word_1_141' title='bbox 357 1732 586 1781; x_wconf 80' lang='lat' dir='ltr'><strong>accurate</strong></span> <span class='ocrx_word' id='word_1_142' title='bbox 625 1728 918 1778; x_wconf 84' lang='lat' dir='ltr'><strong>consideres:</strong></span> 
     </span>
    </p>
   </div>
   <div class='ocr_carea' id='block_1_3' title="bbox 421 1807 1651 2219">
    <p class='ocr_par' dir='ltr' id='par_1_3' title="bbox 421 1807 1651 2219">
     <span class='ocr_line' id='line_1_21' title="bbox 421 1807 1105 1897; baseline -0.003 -14"><span class='ocrx_word' id='word_1_143' title='bbox 421 1834 570 1883; x_wconf 78' lang='lat' dir='ltr'><strong>Theb.</strong></span> <span class='ocrx_word' id='word_1_144' title='bbox 602 1834 628 1881; x_wconf 90' lang='lat'>1</span> <span class='ocrx_word' id='word_1_145' title='bbox 663 1834 769 1882; x_wconf 85' lang='lat'><strong>630</strong></span> <span class='ocrx_word' id='word_1_146' title='bbox 809 1807 1002 1897; x_wconf 55' lang='grc' dir='ltr'><strong>οῃοιοῗα</strong></span> <span class='ocrx_word' id='word_1_147' title='bbox 1038 1826 1105 1881; x_wconf 68' lang='lat'><strong>1²1</strong></span> 
     </span>
     <span class='ocr_line' id='line_1_22' title="bbox 551 1906 1430 1983; baseline -0.001 -20"><span class='ocrx_word' id='word_1_148' title='bbox 551 1916 630 1964; x_wconf 90' lang='lat' dir='ltr'><strong>III</strong></span> <span class='ocrx_word' id='word_1_149' title='bbox 701 1916 767 1963; x_wconf 86' lang='lat'><strong>13</strong></span> <span class='ocrx_word' id='word_1_150' title='bbox 808 1915 1010 1983; x_wconf 65' lang='lat' dir='ltr'><strong>tumsz.</strong></span> <span class='ocrx_word' id='word_1_151' title='bbox 1048 1908 1116 1963; x_wconf 78' lang='lat'><strong>1³¹</strong></span> <span class='ocrx_word' id='word_1_152' title='bbox 1155 1908 1237 1980; x_wconf 78' lang='lat' dir='ltr'><strong>(R</strong></span> <span class='ocrx_word' id='word_1_153' title='bbox 1277 1931 1335 1962; x_wconf 86' lang='lat' dir='ltr'><strong>ex</strong></span> <span class='ocrx_word' id='word_1_154' title='bbox 1365 1906 1430 1980; x_wconf 68' lang='grc' dir='ltr'><strong>Ρ)</strong></span> 
     </span>
     <span class='ocr_line' id='line_1_23' title="bbox 505 1987 1604 2062; baseline -0.003 -16"><span class='ocrx_word' id='word_1_155' title='bbox 505 1998 630 2046; x_wconf 92' lang='lat' dir='ltr'>VIII</span> <span class='ocrx_word' id='word_1_156' title='bbox 663 1997 767 2046; x_wconf 83' lang='lat'><strong>522</strong></span> <span class='ocrx_word' id='word_1_157' title='bbox 799 1997 967 2058; x_wconf 73' lang='lat' dir='ltr'><em>pudor</em></span> <span class='ocrx_word' id='word_1_158' title='bbox 988 2011 1055 2057; x_wconf 77' lang='lat' dir='ltr'><strong>pe</strong></span> <span class='ocrx_word' id='word_1_159' title='bbox 1091 2000 1157 2044; x_wconf 90' lang='lat' dir='ltr'><strong>P:</strong></span> <span class='ocrx_word' id='word_1_160' title='bbox 1187 1994 1355 2055; x_wconf 74' lang='lat' dir='ltr'><em>pudor</em></span> <span class='ocrx_word' id='word_1_161' title='bbox 1390 1997 1462 2044; x_wconf 82' lang='lat' dir='ltr'><strong>ire</strong></span> <span class='ocrx_word' id='word_1_162' title='bbox 1500 1987 1604 2062; x_wconf 74' lang='lat'>(02)</span> 
     </span>
     <span class='ocr_line' id='line_1_24' title="bbox 537 2071 1651 2141; baseline -0.003 -14"><span class='ocrx_word' id='word_1_163' title='bbox 537 2080 635 2128; x_wconf 93' lang='lat' dir='ltr'><strong>XII</strong></span> <span class='ocrx_word' id='word_1_164' title='bbox 668 2080 774 2127; x_wconf 83' lang='lat'><strong>450</strong></span> <span class='ocrx_word' id='word_1_165' title='bbox 813 2092 955 2139; x_wconf 73' lang='lat' dir='ltr'><strong>sopor</strong></span> <span class='ocrx_word' id='word_1_166' title='bbox 990 2071 1058 2126; x_wconf 88' lang='lat' dir='ltr'><strong>P1</strong></span> <span class='ocrx_word' id='word_1_167' title='bbox 1097 2094 1154 2126; x_wconf 83' lang='lat' dir='ltr'><strong>ex</strong></span> <span class='ocrx_word' id='word_1_168' title='bbox 1192 2090 1382 2141; x_wconf 78' lang='lat' dir='ltr'><strong>soRor:</strong></span> <span class='ocrx_word' id='word_1_169' title='bbox 1420 2089 1562 2137; x_wconf 77' lang='lat' dir='ltr'><strong>sopor</strong></span> <span class='ocrx_word' id='word_1_170' title='bbox 1600 2089 1651 2124; x_wconf 88' lang='grc' dir='ltr'>ω</span> 
     </span>
     <span class='ocr_line' id='line_1_25' title="bbox 460 2160 1421 2219; baseline -0.004 -10"><span class='ocrx_word' id='word_1_171' title='bbox 460 2161 580 2209; x_wconf 89' lang='grc' dir='ltr'>Αο11.</span> <span class='ocrx_word' id='word_1_172' title='bbox 614 2161 638 2208; x_wconf 95' lang='grc' dir='ltr'>Ι</span> <span class='ocrx_word' id='word_1_173' title='bbox 672 2161 776 2208; x_wconf 86' lang='grc'><strong>806</strong></span> <span class='ocrx_word' id='word_1_174' title='bbox 817 2161 995 2207; x_wconf 71' lang='lat' dir='ltr'><strong>incerto</strong></span> <span class='ocrx_word' id='word_1_175' title='bbox 1032 2163 1097 2208; x_wconf 91' lang='lat' dir='ltr'><strong>P:</strong></span> <span class='ocrx_word' id='word_1_176' title='bbox 1135 2160 1318 2219; x_wconf 76' lang='lat' dir='ltr'><strong>incepto</strong></span> <span class='ocrx_word' id='word_1_177' title='bbox 1357 2172 1421 2207; x_wconf 88' lang='grc' dir='ltr'><strong>ω.</strong></span> 
     </span>
    </p>
   </div>
   <div class='ocr_carea' id='block_1_4' title="bbox 170 2246 1860 2479">
    <p class='ocr_par' dir='ltr' id='par_1_4' title="bbox 170 2246 1860 2479">
     <span class='ocr_line' id='line_1_26' title="bbox 170 2246 1859 2314; baseline -0.005 -14"><span class='ocrx_word' id='word_1_178' title='bbox 170 2269 269 2301; x_wconf 89' lang='lat' dir='ltr'><strong>non</strong></span> <span class='ocrx_word' id='word_1_179' title='bbox 309 2266 725 2314; x_wconf 82' lang='lat' dir='ltr'><strong>supervacaneum</strong></span> <span class='ocrx_word' id='word_1_180' title='bbox 762 2248 958 2297; x_wconf 86' lang='lat' dir='ltr'><strong>videtur</strong></span> <span class='ocrx_word' id='word_1_181' title='bbox 995 2247 1075 2295; x_wconf 82' lang='lat' dir='ltr'><strong>hic</strong></span> <span class='ocrx_word' id='word_1_182' title='bbox 1115 2246 1349 2296; x_wconf 84' lang='lat' dir='ltr'><strong>adnotare</strong></span> <span class='ocrx_word' id='word_1_183' title='bbox 1388 2247 1607 2295; x_wconf 82' lang='lat' dir='ltr'><strong>litteram</strong></span> <span class='ocrx_word' id='word_1_184' title='bbox 1644 2259 1672 2292; x_wconf 85' lang='lat' dir='ltr'><em>r</em></span> <span class='ocrx_word' id='word_1_185' title='bbox 1710 2246 1859 2293; x_wconf 85' lang='lat' dir='ltr'><strong>semel</strong></span> 
     </span>
     <span class='ocr_line' id='line_1_27' title="bbox 171 2325 1858 2393; baseline -0.005 -11"><span class='ocrx_word' id='word_1_186' title='bbox 171 2336 225 2382; x_wconf 90' lang='lat' dir='ltr'><strong>in</strong></span> <span class='ocrx_word' id='word_1_187' title='bbox 255 2331 528 2382; x_wconf 82' lang='lat' dir='ltr'><strong>Achilleide</strong></span> <span class='ocrx_word' id='word_1_188' title='bbox 559 2332 629 2380; x_wconf 82' lang='lat' dir='ltr'><strong>sie</strong></span> <span class='ocrx_word' id='word_1_189' title='bbox 660 2332 911 2379; x_wconf 87' lang='lat' dir='ltr'><strong>exaratam</strong></span> <span class='ocrx_word' id='word_1_190' title='bbox 944 2343 1045 2377; x_wconf 89' lang='lat' dir='ltr'><strong>esse</strong></span> <span class='ocrx_word' id='word_1_191' title='bbox 1077 2342 1135 2393; x_wconf 77' lang='lat' dir='ltr'><em>R</em></span> <span class='ocrx_word' id='word_1_192' title='bbox 1167 2330 1315 2390; x_wconf 84' lang='lat' dir='ltr'><strong>atque</strong></span> <span class='ocrx_word' id='word_1_193' title='bbox 1345 2326 1397 2375; x_wconf 85' lang='lat' dir='ltr'><strong>id</strong></span> <span class='ocrx_word' id='word_1_194' title='bbox 1428 2329 1479 2375; x_wconf 89' lang='lat' dir='ltr'><strong>in</strong></span> <span class='ocrx_word' id='word_1_195' title='bbox 1503 2341 1622 2375; x_wconf 83' lang='lat' dir='ltr'><strong>voce</strong></span> <span class='ocrx_word' id='word_1_196' title='bbox 1657 2325 1858 2388; x_wconf 81' lang='lat' dir='ltr'><strong>rariore,</strong></span> 
     </span>
     <span class='ocr_line' id='line_1_28' title="bbox 174 2407 1860 2479; baseline -0.005 -15"><span class='ocrx_word' id='word_1_197' title='bbox 174 2431 322 2479; x_wconf 86' lang='lat' dir='ltr'><strong>quam</strong></span> <span class='ocrx_word' id='word_1_198' title='bbox 360 2415 569 2463; x_wconf 85' lang='lat' dir='ltr'><strong>formam</strong></span> <span class='ocrx_word' id='word_1_199' title='bbox 610 2429 634 2460; x_wconf 92' lang='lat' dir='ltr'><strong>e</strong></span> <span class='ocrx_word' id='word_1_200' title='bbox 666 2412 937 2460; x_wconf 85' lang='lat' dir='ltr'><strong>vetustiore</strong></span> <span class='ocrx_word' id='word_1_201' title='bbox 970 2409 1133 2458; x_wconf 82' lang='lat' dir='ltr'><strong>codice</strong></span> <span class='ocrx_word' id='word_1_202' title='bbox 1165 2409 1459 2458; x_wconf 73' lang='lat' dir='ltr'><strong>translatam</strong></span> <span class='ocrx_word' id='word_1_203' title='bbox 1490 2422 1594 2457; x_wconf 86' lang='lat' dir='ltr'><strong>esse</strong></span> <span class='ocrx_word' id='word_1_204' title='bbox 1627 2407 1860 2457; x_wconf 79' lang='lat' dir='ltr'><strong>audacter</strong></span> 
     </span>
    </p>
   </div>
   <div class='ocr_carea' id='block_1_5' title="bbox 175 2493 761 2546">
    <p class='ocr_par' dir='ltr' id='par_1_5' title="bbox 175 2493 761 2546">
     <span class='ocr_line' id='line_1_29' title="bbox 175 2493 761 2546; baseline -0.009 0"><span class='ocrx_word' id='word_1_205' title='bbox 175 2496 427 2546; x_wconf 84' lang='lat' dir='ltr'><strong>contendo.</strong></span> <span class='ocrx_word' id='word_1_206' title='bbox 491 2495 550 2543; x_wconf 82' lang='lat' dir='ltr'><strong>ef.</strong></span> <span class='ocrx_word' id='word_1_207' title='bbox 582 2493 607 2541; x_wconf 95' lang='lat' dir='ltr'>I</span> <span class='ocrx_word' id='word_1_208' title='bbox 642 2494 761 2542; x_wconf 85' lang='lat'><strong>595.</strong></span> 
     </span>
    </p>
   </div>
   <div class='ocr_carea' id='block_1_6' title="bbox 174 2704 1858 2967">
    <p class='ocr_par' dir='ltr' id='par_1_6' title="bbox 296 2704 1709 2769">
     <span class='ocr_line' id='line_1_30' title="bbox 296 2704 1709 2769; baseline -0.006 -14"><span class='ocrx_word' id='word_1_209' title='bbox 296 2713 338 2769; x_wconf 84' lang='lat'><strong>1)</strong></span> <span class='ocrx_word' id='word_1_210' title='bbox 369 2711 458 2754; x_wconf 88' lang='grc'>1100</span> <span class='ocrx_word' id='word_1_211' title='bbox 488 2709 590 2753; x_wconf 88' lang='grc'>1000</span> <span class='ocrx_word' id='word_1_212' title='bbox 623 2714 662 2754; x_wconf 77' lang='lat' dir='ltr'><strong>et</strong></span> <span class='ocrx_word' id='word_1_213' title='bbox 693 2708 743 2752; x_wconf 89' lang='lat' dir='ltr'><strong>in</strong></span> <span class='ocrx_word' id='word_1_214' title='bbox 773 2713 806 2751; x_wconf 87' lang='lat' dir='ltr'>P</span> <span class='ocrx_word' id='word_1_215' title='bbox 838 2707 1057 2751; x_wconf 85' lang='lat' dir='ltr'><strong>omissum</strong></span> <span class='ocrx_word' id='word_1_216' title='bbox 1089 2706 1160 2750; x_wconf 87' lang='lat' dir='ltr'><strong>est</strong></span> <span class='ocrx_word' id='word_1_217' title='bbox 1189 2708 1243 2750; x_wconf 91' lang='lat' dir='ltr'><strong>ut</strong></span> <span class='ocrx_word' id='word_1_218' title='bbox 1273 2706 1420 2749; x_wconf 84' lang='lat' dir='ltr'><strong>metro</strong></span> <span class='ocrx_word' id='word_1_219' title='bbox 1453 2704 1709 2748; x_wconf 84' lang='lat' dir='ltr'><strong>satisfieret.</strong></span> 
     </span>
    </p>

    <p class='ocr_par' dir='ltr' id='par_1_7' title="bbox 174 2769 1858 2967">
     <span class='ocr_line' id='line_1_31' title="bbox 295 2769 1856 2835; baseline -0.007 -14"><span class='ocrx_word' id='word_1_220' title='bbox 295 2781 338 2835; x_wconf 86' lang='grc'><strong>2)</strong></span> <span class='ocrx_word' id='word_1_221' title='bbox 370 2776 491 2821; x_wconf 78' lang='lat' dir='ltr'><strong>falsa</strong></span> <span class='ocrx_word' id='word_1_222' title='bbox 522 2776 609 2820; x_wconf 83' lang='lat' dir='ltr'><strong>hoe</strong></span> <span class='ocrx_word' id='word_1_223' title='bbox 642 2788 825 2832; x_wconf 89' lang='lat' dir='ltr'><strong>quoque</strong></span> <span class='ocrx_word' id='word_1_224' title='bbox 851 2773 953 2818; x_wconf 93' lang='grc'>1000</span> <span class='ocrx_word' id='word_1_225' title='bbox 979 2774 1035 2817; x_wconf 87' lang='lat' dir='ltr'><strong>de</strong></span> <span class='ocrx_word' id='word_1_226' title='bbox 1059 2772 1294 2816; x_wconf 86' lang='lat' dir='ltr'><strong>Puteaneo</strong></span> <span class='ocrx_word' id='word_1_227' title='bbox 1318 2771 1502 2815; x_wconf 84' lang='lat' dir='ltr'><strong>rettulit</strong></span> <span class='ocrx_word' id='word_1_228' title='bbox 1523 2769 1856 2814; x_wconf 79' lang='lat' dir='ltr'><strong>Kohlmannus.</strong></span> 
     </span>
     <span class='ocr_line' id='line_1_32' title="bbox 176 2833 1858 2901; baseline -0.007 -13"><span class='ocrx_word' id='word_1_229' title='bbox 176 2846 372 2901; x_wconf 85' lang='lat' dir='ltr'><strong>apparet</strong></span> <span class='ocrx_word' id='word_1_230' title='bbox 403 2846 559 2887; x_wconf 89' lang='lat' dir='ltr'><strong>autem</strong></span> <span class='ocrx_word' id='word_1_231' title='bbox 590 2843 640 2885; x_wconf 89' lang='lat' dir='ltr'><strong>in</strong></span> <span class='ocrx_word' id='word_1_232' title='bbox 663 2840 974 2886; x_wconf 82' lang='lat' dir='ltr'><strong>vetustissimo</strong></span> <span class='ocrx_word' id='word_1_233' title='bbox 1007 2839 1166 2883; x_wconf 81' lang='lat' dir='ltr'><strong>codice</strong></span> <span class='ocrx_word' id='word_1_234' title='bbox 1197 2840 1215 2883; x_wconf 83' lang='lat' dir='ltr'><em>i</em></span> <span class='ocrx_word' id='word_1_235' title='bbox 1244 2839 1450 2883; x_wconf 72' lang='lat' dir='ltr'><strong>litteram</strong></span> <span class='ocrx_word' id='word_1_236' title='bbox 1481 2835 1691 2893; x_wconf 88' lang='lat' dir='ltr'><strong>quolibet</strong></span> <span class='ocrx_word' id='word_1_237' title='bbox 1720 2833 1858 2878; x_wconf 87' lang='lat' dir='ltr'><strong>modo</strong></span> 
     </span>
     <span class='ocr_line' id='line_1_33' title="bbox 174 2908 1003 2967; baseline -0.005 -13"><span class='ocrx_word' id='word_1_238' title='bbox 174 2910 350 2967; x_wconf 82' lang='lat' dir='ltr'><strong>perisse</strong></span> <span class='ocrx_word' id='word_1_239' title='bbox 382 2912 429 2953; x_wconf 89' lang='lat' dir='ltr'><strong>et</strong></span> <span class='ocrx_word' id='word_1_240' title='bbox 457 2924 541 2966; x_wconf 89' lang='lat' dir='ltr'><strong>pro</strong></span> <span class='ocrx_word' id='word_1_241' title='bbox 573 2923 597 2952; x_wconf 80' lang='lat' dir='ltr'><em>r</em></span> <span class='ocrx_word' id='word_1_242' title='bbox 627 2908 799 2952; x_wconf 83' lang='lat' dir='ltr'><strong>lectum</strong></span> <span class='ocrx_word' id='word_1_243' title='bbox 832 2920 929 2951; x_wconf 83' lang='lat' dir='ltr'><strong>esse</strong></span> <span class='ocrx_word' id='word_1_244' title='bbox 955 2921 1003 2963; x_wconf 74' lang='lat' dir='ltr'><strong>p.</strong></span> 
     </span>
    </p>
   </div>
  </div>
 </body>
</html>
