<?xml version="1.0" encoding="UTF-8"?>
<!DOCTYPE html PUBLIC "-//W3C//DTD XHTML 1.0 Transitional//EN"
    "http://www.w3.org/TR/xhtml1/DTD/xhtml1-transitional.dtd">
<html xmlns="http://www.w3.org/1999/xhtml" xml:lang="en" lang="en">
 <head>
  <title>
</title>
<meta http-equiv="Content-Type" content="text/html;charset=utf-8" />
  <meta name='ocr-system' content='tesseract 3.04.00' />
  <meta name='ocr-capabilities' content='ocr_page ocr_carea ocr_par ocr_line ocrx_word'/>
</head>
<body>
  <div class='ocr_page' id='page_1' title='image "./ppapinistatiachi00statuoft_0077.png"; bbox 0 0 2014 3138; ppageno 0'>
   <div class='ocr_carea' id='block_1_1' title="bbox 731 98 1852 151">
    <p class='ocr_par' dir='ltr' id='par_1_1' title="bbox 731 98 1852 151">
     <span class='ocr_line' id='line_1_1' title="bbox 731 98 1852 151; baseline -0.001 -7"><span class='ocrx_word' id='word_1_1' title='bbox 731 98 1128 145; x_wconf 81' lang='lat' dir='ltr'><strong>ACHlLLEIDOS</strong></span> <span class='ocrx_word' id='word_1_2' title='bbox 1159 99 1207 142; x_wconf 91' lang='lat' dir='ltr'><strong>L.</strong></span> <span class='ocrx_word' id='word_1_3' title='bbox 1240 99 1273 143; x_wconf 93' lang='lat' dir='ltr'><strong>I.</strong></span> <span class='ocrx_word' id='word_1_4' title='bbox 1783 99 1852 151; x_wconf 81' lang='grc'><strong>27</strong></span> 
     </span>
    </p>
   </div>
   <div class='ocr_carea' id='block_1_2' title="bbox 150 233 1858 1974">
    <p class='ocr_par' dir='ltr' id='par_1_2' title="bbox 151 233 1858 1100">
     <span class='ocr_line' id='line_1_2' title="bbox 159 233 1660 304; baseline -0.003 -15"><span class='ocrx_word' id='word_1_5' title='bbox 159 237 523 304; x_wconf 88' lang='lat' dir='ltr'><strong>contemplata</strong></span> <span class='ocrx_word' id='word_1_6' title='bbox 562 253 705 304; x_wconf 82' lang='lat' dir='ltr'><strong>suas3</strong></span> <span class='ocrx_word' id='word_1_7' title='bbox 744 238 875 288; x_wconf 91' lang='lat' dir='ltr'><strong>tunc</strong></span> <span class='ocrx_word' id='word_1_8' title='bbox 915 236 1098 303; x_wconf 86' lang='lat' dir='ltr'><strong>sparsa</strong></span> <span class='ocrx_word' id='word_1_9' title='bbox 1137 252 1199 287; x_wconf 92' lang='lat' dir='ltr'><strong>ac</strong></span> <span class='ocrx_word' id='word_1_10' title='bbox 1240 234 1453 286; x_wconf 89' lang='lat' dir='ltr'><strong>dissona</strong></span> <span class='ocrx_word' id='word_1_11' title='bbox 1491 233 1660 285; x_wconf 90' lang='lat' dir='ltr'><strong>moles</strong></span> 
     </span>
     <span class='ocr_line' id='line_1_3' title="bbox 160 322 1501 393; baseline -0.002 -17"><span class='ocrx_word' id='word_1_12' title='bbox 160 325 218 377; x_wconf 90' lang='lat' dir='ltr'><strong>in</strong></span> <span class='ocrx_word' id='word_1_13' title='bbox 257 343 448 393; x_wconf 89' lang='lat' dir='ltr'><strong>corpus</strong></span> <span class='ocrx_word' id='word_1_14' title='bbox 487 324 803 392; x_wconf 81' lang='lat' dir='ltr'><strong>vultumque</strong></span> <span class='ocrx_word' id='word_1_15' title='bbox 845 323 954 375; x_wconf 90' lang='lat' dir='ltr'><strong>coit</strong></span> <span class='ocrx_word' id='word_1_16' title='bbox 993 326 1046 374; x_wconf 92' lang='lat' dir='ltr'><strong>et</strong></span> <span class='ocrx_word' id='word_1_17' title='bbox 1083 340 1207 393; x_wconf 91' lang='lat' dir='ltr'><strong>rege</strong></span> <span class='ocrx_word' id='word_1_18' title='bbox 1248 322 1345 374; x_wconf 88' lang='lat' dir='ltr'><strong>sub</strong></span> <span class='ocrx_word' id='word_1_19' title='bbox 1394 339 1501 373; x_wconf 91' lang='lat' dir='ltr'><strong>uno</strong></span> 
     </span>
     <span class='ocr_line' id='line_1_4' title="bbox 158 410 1589 480; baseline -0.002 -16"><span class='ocrx_word' id='word_1_20' title='bbox 158 412 420 480; x_wconf 89' lang='lat' dir='ltr'><strong>disposita</strong></span> <span class='ocrx_word' id='word_1_21' title='bbox 458 415 553 464; x_wconf 89' lang='lat' dir='ltr'><strong>est.</strong></span> <span class='ocrx_word' id='word_1_22' title='bbox 629 411 707 464; x_wconf 88' lang='lat' dir='ltr'><strong>sic</strong></span> <span class='ocrx_word' id='word_1_23' title='bbox 747 429 908 464; x_wconf 82' lang='lat' dir='ltr'><strong>curva</strong></span> <span class='ocrx_word' id='word_1_24' title='bbox 945 411 1084 462; x_wconf 87' lang='lat' dir='ltr'><strong>feras</strong></span> <span class='ocrx_word' id='word_1_25' title='bbox 1124 411 1319 480; x_wconf 92' lang='lat' dir='ltr'><strong>indago</strong></span> <span class='ocrx_word' id='word_1_26' title='bbox 1363 410 1589 461; x_wconf 90' lang='lat' dir='ltr'><strong>latentes</strong></span> 
     </span>
     <span class='ocr_line' id='line_1_5' title="bbox 158 498 1858 567; baseline -0.001 -14"><span class='ocrx_word' id='word_1_27' title='bbox 158 501 360 554; x_wconf 84' lang='lat' dir='ltr'><strong>claudit</strong></span> <span class='ocrx_word' id='word_1_28' title='bbox 397 503 451 552; x_wconf 90' lang='lat' dir='ltr'><strong>et</strong></span> <span class='ocrx_word' id='word_1_29' title='bbox 490 499 717 552; x_wconf 89' lang='lat' dir='ltr'><strong>admotis</strong></span> <span class='ocrx_word' id='word_1_30' title='bbox 757 498 1016 567; x_wconf 87' lang='lat' dir='ltr'><strong>paulatim</strong></span> <span class='ocrx_word' id='word_1_31' title='bbox 1057 499 1295 552; x_wconf 78' lang='lat' dir='ltr'><strong>cassibus</strong></span> <span class='ocrx_word' id='word_1_32' title='bbox 1335 501 1487 550; x_wconf 89' lang='lat' dir='ltr'><strong>artat.</strong></span> <span class='ocrx_word' id='word_1_33' title='bbox 1790 518 1858 551; x_wconf 81' lang='lat'>460</span> 
     </span>
     <span class='ocr_line' id='line_1_6' title="bbox 158 586 1745 658; baseline -0.002 -18"><span class='ocrx_word' id='word_1_34' title='bbox 158 589 281 641; x_wconf 87' lang='lat' dir='ltr'><strong>illae</strong></span> <span class='ocrx_word' id='word_1_35' title='bbox 320 589 501 658; x_wconf 81' lang='lat' dir='ltr'>ignem</span> <span class='ocrx_word' id='word_1_36' title='bbox 540 589 882 655; x_wconf 90' lang='lat' dir='ltr'><strong>sonitumque</strong></span> <span class='ocrx_word' id='word_1_37' title='bbox 920 590 1117 655; x_wconf 81' lang='lat' dir='ltr'><strong>pavent</strong></span> <span class='ocrx_word' id='word_1_38' title='bbox 1157 586 1453 654; x_wconf 89' lang='lat' dir='ltr'><strong>diffusaque</strong></span> <span class='ocrx_word' id='word_1_39' title='bbox 1492 586 1745 654; x_wconf 90' lang='lat' dir='ltr'><strong>linquunt</strong></span> 
     </span>
     <span class='ocr_line' id='line_1_7' title="bbox 156 676 1516 744; baseline -0.002 -15"><span class='ocrx_word' id='word_1_40' title='bbox 156 678 276 730; x_wconf 85' lang='lat' dir='ltr'><strong>avia</strong></span> <span class='ocrx_word' id='word_1_41' title='bbox 314 677 681 744; x_wconf 88' lang='lat' dir='ltr'><strong>miranturque</strong></span> <span class='ocrx_word' id='word_1_42' title='bbox 722 694 878 727; x_wconf 89' lang='lat' dir='ltr'><strong>suum</strong></span> <span class='ocrx_word' id='word_1_43' title='bbox 919 676 1221 728; x_wconf 80' lang='lat' dir='ltr'><strong>decrescere</strong></span> <span class='ocrx_word' id='word_1_44' title='bbox 1262 677 1516 742; x_wconf 84' lang='lat' dir='ltr'><strong>montem,</strong></span> 
     </span>
     <span class='ocr_line' id='line_1_8' title="bbox 154 763 1618 835; baseline -0.002 -18"><span class='ocrx_word' id='word_1_45' title='bbox 154 764 327 818; x_wconf 89' lang='lat' dir='ltr'><strong>donec</strong></span> <span class='ocrx_word' id='word_1_46' title='bbox 365 765 423 817; x_wconf 89' lang='lat' dir='ltr'><strong>in</strong></span> <span class='ocrx_word' id='word_1_47' title='bbox 460 767 742 835; x_wconf 73' lang='lat' dir='ltr'><strong>angustam</strong></span> <span class='ocrx_word' id='word_1_48' title='bbox 783 764 1088 817; x_wconf 90' lang='lat' dir='ltr'><strong>ceciderunt</strong></span> <span class='ocrx_word' id='word_1_49' title='bbox 1126 763 1361 830; x_wconf 90' lang='lat' dir='ltr'><strong>undique</strong></span> <span class='ocrx_word' id='word_1_50' title='bbox 1400 763 1618 831; x_wconf 81' lang='lat' dir='ltr'><strong>vallem3</strong></span> 
     </span>
     <span class='ocr_line' id='line_1_9' title="bbox 157 850 1578 923; baseline -0.001 -19"><span class='ocrx_word' id='word_1_51' title='bbox 157 853 319 921; x_wconf 89' lang='lat' dir='ltr'><strong>inque</strong></span> <span class='ocrx_word' id='word_1_52' title='bbox 359 853 532 923; x_wconf 86' lang='lat' dir='ltr'><strong>vicem</strong></span> <span class='ocrx_word' id='word_1_53' title='bbox 572 855 823 920; x_wconf 72' lang='lat' dir='ltr'><strong>stupuere</strong></span> <span class='ocrx_word' id='word_1_54' title='bbox 865 869 1053 922; x_wconf 84' lang='lat' dir='ltr'><strong>greges</strong></span> <span class='ocrx_word' id='word_1_55' title='bbox 1094 852 1346 918; x_wconf 91' lang='lat' dir='ltr'><strong>socioque</strong></span> <span class='ocrx_word' id='word_1_56' title='bbox 1385 850 1578 902; x_wconf 92' lang='lat' dir='ltr'><strong>timore</strong></span> 
     </span>
     <span class='ocr_line' id='line_1_10' title="bbox 151 938 1855 1008; baseline -0.001 -15"><span class='ocrx_word' id='word_1_57' title='bbox 151 943 556 994; x_wconf 89' lang='lat' dir='ltr'><strong>mansuescunt:</strong></span> <span class='ocrx_word' id='word_1_58' title='bbox 590 940 751 992; x_wconf 91' lang='lat' dir='ltr'><strong>simul</strong></span> <span class='ocrx_word' id='word_1_59' title='bbox 773 940 947 992; x_wconf 91' lang='lat' dir='ltr'><strong>hirtus</strong></span> <span class='ocrx_word' id='word_1_60' title='bbox 973 957 1114 1008; x_wconf 83' lang='lat' dir='ltr'><strong>aper,</strong></span> <span class='ocrx_word' id='word_1_61' title='bbox 1140 938 1301 991; x_wconf 91' lang='lat' dir='ltr'><strong>simul</strong></span> <span class='ocrx_word' id='word_1_62' title='bbox 1332 957 1456 990; x_wconf 90' lang='lat' dir='ltr'><strong>ursa</strong></span> <span class='ocrx_word' id='word_1_63' title='bbox 1478 939 1745 1006; x_wconf 86' lang='lat' dir='ltr'><strong>lupusque</strong></span> <span class='ocrx_word' id='word_1_64' title='bbox 1788 958 1855 992; x_wconf 84' lang='lat'>465</span> 
     </span>
     <span class='ocr_line' id='line_1_11' title="bbox 153 1027 1478 1100; baseline -0.003 -18"><span class='ocrx_word' id='word_1_65' title='bbox 153 1029 369 1100; x_wconf 86' lang='lat' dir='ltr'><strong>cogitur</strong></span> <span class='ocrx_word' id='word_1_66' title='bbox 407 1032 461 1081; x_wconf 92' lang='lat' dir='ltr'><strong>et</strong></span> <span class='ocrx_word' id='word_1_67' title='bbox 500 1031 684 1096; x_wconf 92' lang='lat' dir='ltr'><strong>captos</strong></span> <span class='ocrx_word' id='word_1_68' title='bbox 725 1028 1050 1096; x_wconf 88' lang='lat' dir='ltr'><strong>contempsit</strong></span> <span class='ocrx_word' id='word_1_69' title='bbox 1090 1045 1244 1080; x_wconf 86' lang='lat' dir='ltr'><strong>cerva</strong></span> <span class='ocrx_word' id='word_1_70' title='bbox 1282 1027 1478 1078; x_wconf 90' lang='lat' dir='ltr'><strong>leones.</strong></span> 
     </span>
    </p>

    <p class='ocr_par' dir='ltr' id='par_1_3' title="bbox 150 1114 1855 1974">
     <span class='ocr_line' id='line_1_12' title="bbox 304 1114 1854 1186; baseline -0.001 -17"><span class='ocrx_word' id='word_1_71' title='bbox 304 1117 396 1169; x_wconf 92' lang='lat' dir='ltr'><strong>sed</strong></span> <span class='ocrx_word' id='word_1_72' title='bbox 421 1134 744 1184; x_wconf 91' lang='lat' dir='ltr'><strong>quamquam</strong></span> <span class='ocrx_word' id='word_1_73' title='bbox 762 1119 814 1168; x_wconf 92' lang='lat' dir='ltr'><strong>et</strong></span> <span class='ocrx_word' id='word_1_74' title='bbox 839 1116 1040 1186; x_wconf 83' lang='lat' dir='ltr'><strong>gemini</strong></span> <span class='ocrx_word' id='word_1_75' title='bbox 1064 1115 1264 1183; x_wconf 90' lang='lat' dir='ltr'><strong>pariter</strong></span> <span class='ocrx_word' id='word_1_76' title='bbox 1288 1133 1383 1167; x_wconf 90' lang='lat' dir='ltr'><strong>sua</strong></span> <span class='ocrx_word' id='word_1_77' title='bbox 1407 1114 1549 1166; x_wconf 91' lang='lat' dir='ltr'><strong>bella</strong></span> <span class='ocrx_word' id='word_1_78' title='bbox 1574 1118 1854 1183; x_wconf 74' lang='lat' dir='ltr'><strong>capessant</strong></span> 
     </span>
     <span class='ocr_line' id='line_1_13' title="bbox 152 1203 1466 1272; baseline -0.002 -15"><span class='ocrx_word' id='word_1_79' title='bbox 152 1203 375 1258; x_wconf 89' lang='lat' dir='ltr'><strong>Atridae</strong></span> <span class='ocrx_word' id='word_1_80' title='bbox 414 1205 718 1272; x_wconf 86' lang='lat' dir='ltr'><strong>famamque</strong></span> <span class='ocrx_word' id='word_1_81' title='bbox 759 1205 913 1257; x_wconf 86' lang='lat' dir='ltr'><strong>avida</strong></span> <span class='ocrx_word' id='word_1_82' title='bbox 953 1205 1150 1256; x_wconf 89' lang='lat' dir='ltr'><strong>virtute</strong></span> <span class='ocrx_word' id='word_1_83' title='bbox 1189 1206 1466 1271; x_wconf 90' lang='lat' dir='ltr'><strong>paternam</strong></span> 
     </span>
     <span class='ocr_line' id='line_1_14' title="bbox 152 1291 1668 1362; baseline -0.001 -18"><span class='ocrx_word' id='word_1_84' title='bbox 152 1292 385 1362; x_wconf 84' lang='lat' dir='ltr'><strong>Tydides</strong></span> <span class='ocrx_word' id='word_1_85' title='bbox 427 1291 817 1361; x_wconf 84' lang='lat' dir='ltr'><strong>Sthenelusque</strong></span> <span class='ocrx_word' id='word_1_86' title='bbox 857 1295 1080 1361; x_wconf 79' lang='lat' dir='ltr'><strong>premat,</strong></span> <span class='ocrx_word' id='word_1_87' title='bbox 1118 1309 1219 1344; x_wconf 91' lang='lat' dir='ltr'><strong>nec</strong></span> <span class='ocrx_word' id='word_1_88' title='bbox 1259 1291 1461 1361; x_wconf 90' lang='lat' dir='ltr'><strong>cogitet</strong></span> <span class='ocrx_word' id='word_1_89' title='bbox 1501 1309 1668 1343; x_wconf 89' lang='lat' dir='ltr'><strong>annos</strong></span> 
     </span>
     <span class='ocr_line' id='line_1_15' title="bbox 153 1378 1855 1449; baseline -0.001 -16"><span class='ocrx_word' id='word_1_90' title='bbox 153 1378 474 1434; x_wconf 84' lang='lat' dir='ltr'><strong>Antilochos</strong></span> <span class='ocrx_word' id='word_1_91' title='bbox 515 1383 827 1449; x_wconf 90' lang='lat' dir='ltr'><strong>septemque</strong></span> <span class='ocrx_word' id='word_1_92' title='bbox 866 1378 1007 1432; x_wconf 83' lang='lat' dir='ltr'><strong>Aiax</strong></span> <span class='ocrx_word' id='word_1_93' title='bbox 1044 1379 1278 1432; x_wconf 85' lang='lat' dir='ltr'><strong>umbone</strong></span> <span class='ocrx_word' id='word_1_94' title='bbox 1320 1381 1564 1432; x_wconf 87' lang='lat' dir='ltr'><strong>coruscet</strong></span> <span class='ocrx_word' id='word_1_95' title='bbox 1789 1400 1855 1435; x_wconf 76' lang='lat'>470</span> 
     </span>
     <span class='ocr_line' id='line_1_16' title="bbox 150 1466 1602 1538; baseline -0.002 -17"><span class='ocrx_word' id='word_1_96' title='bbox 150 1469 382 1521; x_wconf 86' lang='lat' dir='ltr'><strong>armenti</strong></span> <span class='ocrx_word' id='word_1_97' title='bbox 419 1486 571 1538; x_wconf 89' lang='lat' dir='ltr'><strong>reges</strong></span> <span class='ocrx_word' id='word_1_98' title='bbox 612 1472 771 1537; x_wconf 89' lang='lat' dir='ltr'><strong>atque</strong></span> <span class='ocrx_word' id='word_1_99' title='bbox 811 1486 1040 1537; x_wconf 92' lang='lat' dir='ltr'><strong>aequum</strong></span> <span class='ocrx_word' id='word_1_100' title='bbox 1080 1467 1362 1520; x_wconf 92' lang='lat' dir='ltr'><strong>moenibus</strong></span> <span class='ocrx_word' id='word_1_101' title='bbox 1404 1466 1602 1536; x_wconf 81' lang='lat' dir='ltr'><strong>orbem,</strong></span> 
     </span>
     <span class='ocr_line' id='line_1_17' title="bbox 155 1553 1556 1626; baseline -0.002 -16"><span class='ocrx_word' id='word_1_102' title='bbox 155 1557 501 1625; x_wconf 88' lang='lat' dir='ltr'><strong>consiliisque</strong></span> <span class='ocrx_word' id='word_1_103' title='bbox 540 1557 808 1624; x_wconf 91' lang='lat' dir='ltr'><strong>armisque</strong></span> <span class='ocrx_word' id='word_1_104' title='bbox 846 1557 982 1626; x_wconf 86' lang='lat' dir='ltr'><strong>vigil</strong></span> <span class='ocrx_word' id='word_1_105' title='bbox 1021 1556 1307 1610; x_wconf 90' lang='lat' dir='ltr'><strong>contendat</strong></span> <span class='ocrx_word' id='word_1_106' title='bbox 1346 1553 1556 1607; x_wconf 86' lang='lat' dir='ltr'><strong>Ulixes:</strong></span> 
     </span>
     <span class='ocr_line' id='line_1_18' title="bbox 151 1641 1650 1711; baseline -0.001 -15"><span class='ocrx_word' id='word_1_107' title='bbox 151 1645 330 1696; x_wconf 85' lang='lat' dir='ltr'><strong>omnis</strong></span> <span class='ocrx_word' id='word_1_108' title='bbox 369 1645 426 1695; x_wconf 92' lang='lat' dir='ltr'><strong>in</strong></span> <span class='ocrx_word' id='word_1_109' title='bbox 463 1644 738 1697; x_wconf 86' lang='lat' dir='ltr'><strong>absentem</strong></span> <span class='ocrx_word' id='word_1_110' title='bbox 777 1644 908 1696; x_wconf 89' lang='lat' dir='ltr'><strong>belli</strong></span> <span class='ocrx_word' id='word_1_111' title='bbox 946 1662 1134 1696; x_wconf 91' lang='lat' dir='ltr'><strong>manus</strong></span> <span class='ocrx_word' id='word_1_112' title='bbox 1175 1644 1323 1696; x_wconf 91' lang='lat' dir='ltr'><strong>ardet</strong></span> <span class='ocrx_word' id='word_1_113' title='bbox 1362 1641 1650 1711; x_wconf 83' lang='lat' dir='ltr'><strong>Achillem,</strong></span> 
     </span>
     <span class='ocr_line' id='line_1_19' title="bbox 154 1729 1778 1799; baseline 0 -16"><span class='ocrx_word' id='word_1_114' title='bbox 154 1749 352 1783; x_wconf 92' lang='lat' dir='ltr'><strong>nomen</strong></span> <span class='ocrx_word' id='word_1_115' title='bbox 389 1729 618 1784; x_wconf 88' lang='lat' dir='ltr'><strong>Achillis</strong></span> <span class='ocrx_word' id='word_1_116' title='bbox 658 1735 852 1799; x_wconf 88' lang='lat' dir='ltr'><strong>amant,</strong></span> <span class='ocrx_word' id='word_1_117' title='bbox 892 1735 945 1784; x_wconf 94' lang='lat' dir='ltr'><strong>et</strong></span> <span class='ocrx_word' id='word_1_118' title='bbox 983 1732 1041 1783; x_wconf 91' lang='lat' dir='ltr'><strong>in</strong></span> <span class='ocrx_word' id='word_1_119' title='bbox 1077 1730 1314 1784; x_wconf 90' lang='lat' dir='ltr'><strong>Hectora</strong></span> <span class='ocrx_word' id='word_1_120' title='bbox 1352 1731 1498 1783; x_wconf 90' lang='lat' dir='ltr'><strong>solus</strong></span> <span class='ocrx_word' id='word_1_121' title='bbox 1537 1729 1778 1784; x_wconf 92' lang='lat' dir='ltr'><strong>Achilles</strong></span> 
     </span>
     <span class='ocr_line' id='line_1_20' title="bbox 153 1818 1850 1887; baseline 0.002 -17"><span class='ocrx_word' id='word_1_122' title='bbox 153 1819 409 1887; x_wconf 83' lang='lat' dir='ltr'><strong>poscitur,</strong></span> <span class='ocrx_word' id='word_1_123' title='bbox 449 1819 603 1871; x_wconf 91' lang='lat' dir='ltr'><strong>illum</strong></span> <span class='ocrx_word' id='word_1_124' title='bbox 642 1838 808 1871; x_wconf 91' lang='lat' dir='ltr'><strong>unum</strong></span> <span class='ocrx_word' id='word_1_125' title='bbox 839 1818 1058 1872; x_wconf 85' lang='lat' dir='ltr'><strong>Teucris</strong></span> <span class='ocrx_word' id='word_1_126' title='bbox 1090 1818 1412 1886; x_wconf 91' lang='lat' dir='ltr'><strong>Priamoque</strong></span> <span class='ocrx_word' id='word_1_127' title='bbox 1442 1819 1739 1886; x_wconf 90' lang='lat' dir='ltr'><strong>loquuntur</strong></span> <span class='ocrx_word' id='word_1_128' title='bbox 1784 1839 1850 1874; x_wconf 76' lang='lat'>475</span> 
     </span>
     <span class='ocr_line' id='line_1_21' title="bbox 152 1906 1705 1974; baseline 0.001 -16"><span class='ocrx_word' id='word_1_129' title='bbox 152 1906 388 1959; x_wconf 85' lang='lat' dir='ltr'><strong>fatalem.</strong></span> <span class='ocrx_word' id='word_1_130' title='bbox 466 1907 583 1974; x_wconf 91' lang='lat' dir='ltr'><strong>quis</strong></span> <span class='ocrx_word' id='word_1_131' title='bbox 623 1907 766 1959; x_wconf 91' lang='lat' dir='ltr'><strong>enim</strong></span> <span class='ocrx_word' id='word_1_132' title='bbox 804 1906 1119 1959; x_wconf 89' lang='lat' dir='ltr'><strong>Haemoniis</strong></span> <span class='ocrx_word' id='word_1_133' title='bbox 1160 1906 1257 1958; x_wconf 87' lang='lat' dir='ltr'><strong>sub</strong></span> <span class='ocrx_word' id='word_1_134' title='bbox 1298 1906 1529 1958; x_wconf 85' lang='lat' dir='ltr'><strong>vallibus</strong></span> <span class='ocrx_word' id='word_1_135' title='bbox 1570 1908 1705 1959; x_wconf 89' lang='lat' dir='ltr'><strong>alter</strong></span> 
     </span>
    </p>
   </div>
   <div class='ocr_carea' id='block_1_3' title="bbox 164 2040 519 2046">
    <p class='ocr_par' dir='ltr' id='par_1_4' title="bbox 164 2040 519 2046">
     <span class='ocr_line' id='line_1_22' title="bbox 164 2040 519 2046; baseline 0 0"><span class='ocrx_word' id='word_1_136' title='bbox 164 2040 519 2046; x_wconf 95' lang='lat' dir='ltr'><strong> </strong></span> 
     </span>
    </p>
   </div>
   <div class='ocr_carea' id='block_1_4' title="bbox 273 2116 1490 2173">
    <p class='ocr_par' dir='ltr' id='par_1_5' title="bbox 273 2116 1490 2173">
     <span class='ocr_line' id='line_1_23' title="bbox 273 2116 1490 2173; baseline 0 -13"><span class='ocrx_word' id='word_1_137' title='bbox 273 2116 522 2172; x_wconf 75' lang='lat' dir='ltr'><strong>Exempla:</strong></span> <span class='ocrx_word' id='word_1_138' title='bbox 556 2120 640 2161; x_wconf 88' lang='lat'>471</span> <span class='ocrx_word' id='word_1_139' title='bbox 674 2117 731 2171; x_wconf 80' lang='lat' dir='ltr'><strong>cf.</strong></span> <span class='ocrx_word' id='word_1_140' title='bbox 765 2116 908 2161; x_wconf 88' lang='lat' dir='ltr'><strong>Theb.</strong></span> <span class='ocrx_word' id='word_1_141' title='bbox 934 2116 997 2159; x_wconf 90' lang='lat' dir='ltr'><strong>XI</strong></span> <span class='ocrx_word' id='word_1_142' title='bbox 1022 2121 1077 2161; x_wconf 86' lang='lat'><strong>28</strong></span> <span class='ocrx_word' id='word_1_143' title='bbox 1111 2116 1309 2160; x_wconf 88' lang='lat' dir='ltr'><strong>armenti</strong></span> <span class='ocrx_word' id='word_1_144' title='bbox 1341 2129 1490 2173; x_wconf 77' lang='lat' dir='ltr'><strong>reges,</strong></span> 
     </span>
    </p>
   </div>
   <div class='ocr_carea' id='block_1_5' title="bbox 168 2237 522 2243">
    <p class='ocr_par' dir='ltr' id='par_1_6' title="bbox 168 2237 522 2243">
     <span class='ocr_line' id='line_1_24' title="bbox 168 2237 522 2243; baseline 0 0"><span class='ocrx_word' id='word_1_145' title='bbox 168 2237 522 2243; x_wconf 95' lang='lat' dir='ltr'><strong> </strong></span> 
     </span>
    </p>
   </div>
   <div class='ocr_carea' id='block_1_6' title="bbox 155 2314 1851 2487">
    <p class='ocr_par' dir='ltr' id='par_1_7' title="bbox 155 2314 1851 2487">
     <span class='ocr_line' id='line_1_25' title="bbox 275 2314 1851 2370; baseline 0.002 -14"><span class='ocrx_word' id='word_1_146' title='bbox 275 2317 359 2358; x_wconf 84' lang='lat'>457</span> <span class='ocrx_word' id='word_1_147' title='bbox 387 2326 441 2357; x_wconf 88' lang='lat' dir='ltr'><strong>ac</strong></span> <span class='ocrx_word' id='word_1_148' title='bbox 464 2318 608 2363; x_wconf 74' lang='lat' dir='ltr'><strong>PKQ:</strong></span> <span class='ocrx_word' id='word_1_149' title='bbox 642 2316 689 2358; x_wconf 89' lang='lat' dir='ltr'><strong>et</strong></span> <span class='ocrx_word' id='word_1_150' title='bbox 713 2320 742 2356; x_wconf 98' lang='grc'><strong>0</strong></span> <span class='ocrx_word' id='word_1_151' title='bbox 863 2319 947 2358; x_wconf 83' lang='grc'><strong>459</strong></span> <span class='ocrx_word' id='word_1_152' title='bbox 975 2314 1216 2370; x_wconf 89' lang='lat' dir='ltr'><strong>Disposita</strong></span> <span class='ocrx_word' id='word_1_153' title='bbox 1239 2329 1305 2358; x_wconf 77' lang='lat' dir='ltr'><strong>w:</strong></span> <span class='ocrx_word' id='word_1_154' title='bbox 1332 2314 1557 2370; x_wconf 88' lang='lat' dir='ltr'><strong>Deposita</strong></span> <span class='ocrx_word' id='word_1_155' title='bbox 1580 2318 1613 2356; x_wconf 99' lang='lat' dir='ltr'>P</span> <span class='ocrx_word' id='word_1_156' title='bbox 1711 2328 1851 2359; x_wconf 86' lang='lat' dir='ltr'><strong>curva</strong></span> 
     </span>
     <span class='ocr_line' id='line_1_26' title="bbox 156 2373 1732 2431; baseline 0.001 -18"><span class='ocrx_word' id='word_1_157' title='bbox 156 2375 299 2419; x_wconf 76' lang='lat' dir='ltr'><strong>PKQ:</strong></span> <span class='ocrx_word' id='word_1_158' title='bbox 334 2374 468 2416; x_wconf 86' lang='lat' dir='ltr'><strong>torva</strong></span> <span class='ocrx_word' id='word_1_159' title='bbox 499 2378 527 2414; x_wconf 92' lang='grc'><strong>0</strong></span> <span class='ocrx_word' id='word_1_160' title='bbox 689 2376 774 2416; x_wconf 90' lang='grc'><strong>460</strong></span> <span class='ocrx_word' id='word_1_161' title='bbox 807 2373 1034 2417; x_wconf 90' lang='lat' dir='ltr'><strong>classibus</strong></span> <span class='ocrx_word' id='word_1_162' title='bbox 1066 2377 1143 2421; x_wconf 73' lang='grc' dir='ltr'><strong>ΡΟ,</strong></span> <span class='ocrx_word' id='word_1_163' title='bbox 1306 2377 1391 2416; x_wconf 86' lang='grc'><strong>461</strong></span> <span class='ocrx_word' id='word_1_164' title='bbox 1425 2373 1510 2431; x_wconf 70' lang='lat' dir='ltr'><strong>Ille</strong></span> <span class='ocrx_word' id='word_1_165' title='bbox 1543 2373 1666 2429; x_wconf 60' lang='grc' dir='ltr'><strong>(εἰσί)</strong></span> <span class='ocrx_word' id='word_1_166' title='bbox 1699 2377 1732 2415; x_wconf 91' lang='lat' dir='ltr'>P</span> 
     </span>
     <span class='ocr_line' id='line_1_27' title="bbox 155 2428 1731 2487; baseline 0.001 -15"><span class='ocrx_word' id='word_1_167' title='bbox 155 2428 343 2486; x_wconf 89' lang='lat' dir='ltr'><strong>linqunt</strong></span> <span class='ocrx_word' id='word_1_168' title='bbox 380 2435 412 2472; x_wconf 92' lang='lat' dir='ltr'>P</span> <span class='ocrx_word' id='word_1_169' title='bbox 583 2434 668 2474; x_wconf 77' lang='lat'>462</span> <span class='ocrx_word' id='word_1_170' title='bbox 707 2431 828 2475; x_wconf 86' lang='lat' dir='ltr'><strong>Avia</strong></span> <span class='ocrx_word' id='word_1_171' title='bbox 866 2447 933 2476; x_wconf 77' lang='lat' dir='ltr'><strong>w:</strong></span> <span class='ocrx_word' id='word_1_172' title='bbox 977 2431 1117 2475; x_wconf 86' lang='lat' dir='ltr'><strong>Avita</strong></span> <span class='ocrx_word' id='word_1_173' title='bbox 1147 2436 1180 2473; x_wconf 91' lang='lat' dir='ltr'>P</span> <span class='ocrx_word' id='word_1_174' title='bbox 1354 2436 1440 2474; x_wconf 88' lang='lat'><strong>464</strong></span> <span class='ocrx_word' id='word_1_175' title='bbox 1480 2444 1671 2487; x_wconf 86' lang='lat' dir='ltr'><strong>gregem</strong></span> <span class='ocrx_word' id='word_1_176' title='bbox 1703 2437 1731 2474; x_wconf 91' lang='grc'><strong>0</strong></span> 
     </span>
    </p>
   </div>
   <div class='ocr_carea' id='block_1_7' title="bbox 155 2503 1845 2590">
    <p class='ocr_par' dir='ltr' id='par_1_8' title="bbox 155 2503 1845 2590">
     <span class='ocr_line' id='line_1_28' title="bbox 155 2503 1845 2590; baseline 0.002 -16"><span class='ocrx_word' id='word_1_177' title='bbox 155 2535 242 2574; x_wconf 84' lang='grc'><strong>466</strong></span> <span class='ocrx_word' id='word_1_178' title='bbox 284 2503 567 2588; x_wconf 61' lang='grc' dir='ltr'><strong>0011138111ρέἱῂ</strong></span> <span class='ocrx_word' id='word_1_179' title='bbox 606 2534 654 2588; x_wconf 90' lang='lat' dir='ltr'><strong>(n</strong></span> <span class='ocrx_word' id='word_1_180' title='bbox 691 2538 756 2577; x_wconf 77' lang='lat' dir='ltr'><strong>ut.</strong></span> <span class='ocrx_word' id='word_1_181' title='bbox 788 2534 878 2578; x_wconf 77' lang='lat' dir='ltr'><strong>vid.</strong></span> <span class='ocrx_word' id='word_1_182' title='bbox 913 2533 992 2588; x_wconf 52' lang='grc' dir='ltr'><strong>(ὓς</strong></span> <span class='ocrx_word' id='word_1_183' title='bbox 1039 2547 1151 2578; x_wconf 79' lang='lat' dir='ltr'><strong>eras.</strong></span> <span class='ocrx_word' id='word_1_184' title='bbox 1187 2535 1223 2589; x_wconf 87' lang='lat' dir='ltr'><strong>s)</strong></span> <span class='ocrx_word' id='word_1_185' title='bbox 1258 2538 1292 2581; x_wconf 83' lang='lat' dir='ltr'><strong>Q.</strong></span> <span class='ocrx_word' id='word_1_186' title='bbox 1457 2538 1542 2577; x_wconf 88' lang='lat'>467</span> <span class='ocrx_word' id='word_1_187' title='bbox 1577 2536 1845 2590; x_wconf 86' lang='lat' dir='ltr'><strong>capessant:</strong></span> 
     </span>
    </p>
   </div>
   <div class='ocr_carea' id='block_1_8' title="bbox 85 2589 1850 2648">
    <p class='ocr_par' dir='ltr' id='par_1_9' title="bbox 85 2589 1850 2648">
     <span class='ocr_line' id='line_1_29' title="bbox 85 2589 1850 2648; baseline 0.002 -16"><span class='ocrx_word' id='word_1_188' title='bbox 85 2604 88 2607; x_wconf 54' lang='lat'><em>⁴</em></span> <span class='ocrx_word' id='word_1_189' title='bbox 156 2589 392 2633; x_wconf 88' lang='lat' dir='ltr'><strong>lacessant</strong></span> <span class='ocrx_word' id='word_1_190' title='bbox 427 2590 644 2635; x_wconf 78' lang='lat' dir='ltr'><strong>Menkius</strong></span> <span class='ocrx_word' id='word_1_191' title='bbox 823 2596 908 2635; x_wconf 90' lang='lat'>468</span> <span class='ocrx_word' id='word_1_192' title='bbox 949 2592 1088 2635; x_wconf 86' lang='lat' dir='ltr'><strong>avida</strong></span> <span class='ocrx_word' id='word_1_193' title='bbox 1118 2597 1216 2635; x_wconf 85' lang='lat' dir='ltr'><strong>PE:</strong></span> <span class='ocrx_word' id='word_1_194' title='bbox 1259 2591 1385 2635; x_wconf 85' lang='lat' dir='ltr'><strong>avidi</strong></span> <span class='ocrx_word' id='word_1_195' title='bbox 1417 2606 1462 2636; x_wconf 87' lang='grc' dir='ltr'>ω</span> <span class='ocrx_word' id='word_1_196' title='bbox 1582 2595 1780 2648; x_wconf 88' lang='lat' dir='ltr'><strong>paterna</strong></span> <span class='ocrx_word' id='word_1_197' title='bbox 1811 2598 1850 2635; x_wconf 83' lang='grc' dir='ltr'><strong><em>Κ</em></strong></span> 
     </span>
    </p>
   </div>
   <div class='ocr_carea' id='block_1_9' title="bbox 158 2648 1850 2939">
    <p class='ocr_par' dir='ltr' id='par_1_10' title="bbox 275 2648 1850 2823">
     <span class='ocr_line' id='line_1_30' title="bbox 275 2648 1848 2707; baseline 0.002 -16"><span class='ocrx_word' id='word_1_198' title='bbox 275 2652 361 2691; x_wconf 90' lang='grc'><strong>469</strong></span> <span class='ocrx_word' id='word_1_199' title='bbox 402 2648 698 2705; x_wconf 88' lang='lat' dir='ltr'><strong>stelenusque</strong></span> <span class='ocrx_word' id='word_1_200' title='bbox 738 2649 907 2706; x_wconf 88' lang='lat' dir='ltr'><strong>(-isque</strong></span> <span class='ocrx_word' id='word_1_201' title='bbox 940 2653 990 2707; x_wconf 79' lang='lat' dir='ltr'><strong>Q)</strong></span> <span class='ocrx_word' id='word_1_202' title='bbox 1031 2654 1102 2698; x_wconf 80' lang='lat' dir='ltr'><strong>Qc</strong></span> <span class='ocrx_word' id='word_1_203' title='bbox 1222 2652 1406 2706; x_wconf 88' lang='lat' dir='ltr'><strong>premat</strong></span> <span class='ocrx_word' id='word_1_204' title='bbox 1443 2655 1497 2693; x_wconf 74' lang='lat' dir='ltr'><strong>Pz</strong></span> <span class='ocrx_word' id='word_1_205' title='bbox 1544 2652 1762 2706; x_wconf 88' lang='lat' dir='ltr'><strong>premant</strong></span> <span class='ocrx_word' id='word_1_206' title='bbox 1800 2665 1848 2694; x_wconf 88' lang='grc' dir='ltr'>ω</span> 
     </span>
     <span class='ocr_line' id='line_1_31' title="bbox 276 2706 1849 2752; baseline 0.001 -3"><span class='ocrx_word' id='word_1_207' title='bbox 276 2710 362 2750; x_wconf 88' lang='grc'><strong>470</strong></span> <span class='ocrx_word' id='word_1_208' title='bbox 402 2706 675 2750; x_wconf 86' lang='lat' dir='ltr'><strong>Antilochos</strong></span> <span class='ocrx_word' id='word_1_209' title='bbox 708 2708 940 2752; x_wconf 75' lang='lat' dir='ltr'><strong>Klotzius:</strong></span> <span class='ocrx_word' id='word_1_210' title='bbox 981 2708 1286 2752; x_wconf 87' lang='lat' dir='ltr'><strong>Antilochous</strong></span> <span class='ocrx_word' id='word_1_211' title='bbox 1318 2713 1371 2751; x_wconf 88' lang='lat' dir='ltr'><strong>P:</strong></span> <span class='ocrx_word' id='word_1_212' title='bbox 1412 2723 1486 2751; x_wconf 89' lang='lat' dir='ltr'><strong>-us</strong></span> <span class='ocrx_word' id='word_1_213' title='bbox 1520 2723 1565 2752; x_wconf 89' lang='grc' dir='ltr'><em>ω</em></span> <span class='ocrx_word' id='word_1_214' title='bbox 1679 2709 1786 2752; x_wconf 85' lang='lat' dir='ltr'><strong>alax</strong></span> <span class='ocrx_word' id='word_1_215' title='bbox 1815 2713 1849 2751; x_wconf 93' lang='lat' dir='ltr'>P</span> 
     </span>
     <span class='ocr_line' id='line_1_32' title="bbox 277 2765 1850 2823; baseline 0.003 -15"><span class='ocrx_word' id='word_1_216' title='bbox 277 2769 362 2808; x_wconf 90' lang='lat'>471</span> <span class='ocrx_word' id='word_1_217' title='bbox 388 2765 624 2809; x_wconf 88' lang='lat' dir='ltr'><strong>montibus</strong></span> <span class='ocrx_word' id='word_1_218' title='bbox 643 2772 670 2808; x_wconf 92' lang='grc'><strong>0</strong></span> <span class='ocrx_word' id='word_1_219' title='bbox 761 2770 847 2810; x_wconf 80' lang='lat'>472</span> <span class='ocrx_word' id='word_1_220' title='bbox 874 2766 1181 2823; x_wconf 87' lang='lat' dir='ltr'><strong>Consiliisque</strong></span> <span class='ocrx_word' id='word_1_221' title='bbox 1206 2769 1275 2823; x_wconf 77' lang='lat' dir='ltr'><strong>(ut</strong></span> <span class='ocrx_word' id='word_1_222' title='bbox 1297 2767 1547 2811; x_wconf 74' lang='lat' dir='ltr'><strong>coniecerat</strong></span> <span class='ocrx_word' id='word_1_223' title='bbox 1563 2767 1850 2812; x_wconf 72' lang='lat' dir='ltr'><strong>Koestlinius</strong></span> 
     </span>
    </p>

    <p class='ocr_par' dir='ltr' id='par_1_11' title="bbox 158 2823 1847 2939">
     <span class='ocr_line' id='line_1_33' title="bbox 158 2823 1847 2883; baseline 0.001 -16"><span class='ocrx_word' id='word_1_224' title='bbox 158 2826 282 2868; x_wconf 79' lang='lat'><strong>1877</strong></span> <span class='ocrx_word' id='word_1_225' title='bbox 311 2837 360 2879; x_wconf 76' lang='lat' dir='ltr'><strong>p.</strong></span> <span class='ocrx_word' id='word_1_226' title='bbox 393 2826 504 2880; x_wconf 79' lang='grc'>289)</span> <span class='ocrx_word' id='word_1_227' title='bbox 536 2828 678 2871; x_wconf 73' lang='lat' dir='ltr'>PKQ:</span> <span class='ocrx_word' id='word_1_228' title='bbox 713 2823 927 2868; x_wconf 82' lang='lat' dir='ltr'><strong>Consiliis</strong></span> <span class='ocrx_word' id='word_1_229' title='bbox 953 2831 981 2868; x_wconf 91' lang='grc'><strong>0</strong></span> <span class='ocrx_word' id='word_1_230' title='bbox 1091 2825 1382 2869; x_wconf 88' lang='lat' dir='ltr'><strong>commendet</strong></span> <span class='ocrx_word' id='word_1_231' title='bbox 1414 2827 1498 2880; x_wconf 87' lang='lat' dir='ltr'><strong>(-et</strong></span> <span class='ocrx_word' id='word_1_232' title='bbox 1530 2839 1584 2870; x_wconf 74' lang='lat' dir='ltr'><strong>ex</strong></span> <span class='ocrx_word' id='word_1_233' title='bbox 1615 2827 1686 2870; x_wconf 89' lang='lat' dir='ltr'><strong>-at</strong></span> <span class='ocrx_word' id='word_1_234' title='bbox 1718 2826 1786 2883; x_wconf 80' lang='lat'><strong>0¹&gt;</strong></span> <span class='ocrx_word' id='word_1_235' title='bbox 1819 2831 1847 2868; x_wconf 92' lang='grc'><strong>0</strong></span> 
     </span>
     <span class='ocr_line' id='line_1_34' title="bbox 277 2882 1442 2939; baseline 0 -14"><span class='ocrx_word' id='word_1_236' title='bbox 277 2886 362 2926; x_wconf 89' lang='lat'>475</span> <span class='ocrx_word' id='word_1_237' title='bbox 394 2882 573 2938; x_wconf 87' lang='lat' dir='ltr'><strong>priamo</strong></span> <span class='ocrx_word' id='word_1_238' title='bbox 604 2882 868 2939; x_wconf 80' lang='lat' dir='ltr'><strong>tenorisque</strong></span> <span class='ocrx_word' id='word_1_239' title='bbox 900 2889 928 2926; x_wconf 93' lang='grc'><strong>0</strong></span> <span class='ocrx_word' id='word_1_240' title='bbox 1079 2887 1164 2927; x_wconf 88' lang='grc'><strong>476</strong></span> <span class='ocrx_word' id='word_1_241' title='bbox 1196 2883 1378 2927; x_wconf 90' lang='lat' dir='ltr'><strong>valibus</strong></span> <span class='ocrx_word' id='word_1_242' title='bbox 1410 2888 1442 2925; x_wconf 89' lang='lat' dir='ltr'>P</span> 
     </span>
    </p>
   </div>
  </div>
 </body>
</html>
