2014 3138
167 116 275 162 XVI
771 118 977 162 Editoris
1010 119 1260 176 praefatio.

168 257 402 305 librarius
444 259 786 319 correctorque
834 272 1043 306 coaevus
1084 260 1430 321 supplementa
1466 259 1607 322 fecit,
1649 261 1732 310 hic
1769 277 1871 311 non

168 338 339 385 eodem
371 339 654 400 exemplari,
687 338 818 386 unde
852 339 1003 387 codex
1033 339 1311 390 Puteaneus
1344 341 1596 390 descendit
1633 357 1750 391 usus
1791 344 1872 405 sit,

168 419 253 467 sed
284 420 383 467 alio
418 420 644 481 quodam.
698 422 868 468 tamen
901 421 1393 471 animadvertendum
1424 425 1499 470 051
1521 437 1634 471 raro
1666 424 1872 473 lacunas

167 501 387 562 expletas
413 515 516 551 esse
542 518 570 548 a
595 503 868 549 correctore
884 502 950 549 P⁰
976 495 1060 568 (cf.
1076 501 1197 550 Ach.
1215 503 1241 550 I
1260 504 1288 550 2
1325 502 1475 551 Theb.
1492 503 1545 551 H
1562 505 1871 554 434—436.

167 581 247 628 ΠΙ
273 583 578 629 217-218,
620 582 720 629 VH
745 576 1134 649 349—3511)>‚
1181 585 1376 646 saepius
1423 599 1454 631 a
1498 585 1872 647 recentioribus,

167 679 340 710 verum
381 662 442 710 ab
480 662 558 711 his
589 678 679 725 pro
712 662 936 724 libidine,
975 664 1034 711 cf.
1066 663 1189 712 Ach.
1214 664 1240 711 I
1267 667 1370 714 919
1405 667 1455 713 01
1488 666 1610 727 922,
1640 665 1727 714 ubi
1758 681 1871 729 sup-

166 744 418 804 plementa
465 743 593 792 salsa
641 743 904 791 adduntur.
981 743 1115 793 locos
1161 747 1318 809 igitur
1362 746 1564 795 mutilos
1613 749 1765 796 etiam
1807 748 1870 796 ab

167 825 437 886 exemplari
485 826 620 872 eius·
637 825 832 886 codicis,
887 825 1016 873 unde
1062 825 1342 875 Puteaneus
1397 828 1726 892 transcriptus
1782 830 1869 891 est,

166 905 317 953 fuisse
356 906 626 954 translatos
667 906 882 954 dilucide
923 909 1144 968 apparet.

276 987 436 1034 multa
481 989 737 1049 praeterea
786 989 915 1048 sunt,
955 1003 1081 1049 quae
1119 987 1325 1037 librario
1365 988 1605 1042 Puteanei
1641 991 1742 1053 ipsi
1779 992 1867 1039 tri-

164 1066 314 1115 buere
353 1069 556 1115 minime
596 1069 726 1116 licet.
790 1068 929 1116 velut
968 1070 1252 1131 saepissime
1291 1070 1491 1118 litterae
1529 1084 1554 1118 0
1592 1072 1642 1119 01
1675 1086 1710 1134 9
1737 1073 1869 1121 inter

165 1163 215 1196 50
269 1149 599 1198 commutatae
651 1151 788 1210 sunt,
840 1165 988 1211 quem
1039 1165 1254 1198 errorem
1303 1150 1438 1199 haud
1475 1166 1588 1200 raro
1634 1151 1866 1201 librarius

166 1229 447 1278 emendavit
501 1229 629 1292 ipse,
696 1232 892 1292 saepius
946 1232 1196 1294 integrum
1242 1233 1472 1280 servavit.
1563 1231 1868 1283 Achilleidos

163 1310 285 1358 haec
325 1311 504 1375 collegi
543 1312 787 1373 exempla:

431 1399 456 1446 Ι
492 1401 594 1447 113
634 1392 878 1452 Ξνο1ον03
918 1393 1080 1466 (eraso
1116 1393 1172 1466 9)
1211 1403 1277 1449 P:
1319 1402 1528 1449 crateres
1566 1414 1617 1449 ω

432 1480 458 1527 I
491 1481 595 1528 326
638 1482 846 1528 recentia
884 1484 950 1528 P:
988 1483 1197 1542 rigentia
1237 1494 1288 1528 ω

431 1561 456 1608 I
491 1562 593 1608 351
637 1575 779 1609 cenas
817 1565 882 1609 P:
923 1576 1076 1622 ymas
1115 1575 1166 1610 ω

430 1642 455 1689 Ι
488 1643 592 1690 358
639 1642 919 1703 Gywmadas
956 1647 1022 1691 P:
1065 1641 1355 1705 Gymnadas
1397 1656 1448 1691 ω

429 1723 455 1770 Ι
487 1724 595 1772 440
633 1727 778 1784 00901
812 1724 905 1771 huc
942 1727 1007 1772 P:
1046 1738 1132 1772 nec
1170 1723 1329 1772 adhuc
1370 1717 1476 1790 00²)

429 1804 455 1851 Ι
490 1806 594 1851 724
636 1806 821 1865 aeyrtes
857 1809 923 1853 P:
963 1808 1152 1867 ayyrtes
1192 1818 1243 1853 ω

430 1885 456 1932 Ι
489 1886 593 1933 875
617 1888 857 1948 00119003
895 1890 960 1934 P:
1000 1889 1191 1947 ayyrtes
1231 1900 1282 1935 ω

430 1967 455 2013 Ι
491 1967 595 2014 906
627 1966 859 2026 1001103013
896 1971 962 2015 P:
999 1967 1211 2028 pelasqis
1252 1981 1303 2015 ω

428 2048 453 2094 I
487 2049 591 2095 959
633 2061 742 2096 0000
779 2042 846 2096 P1
884 2065 1004 2111 mg.:
1039 2062 1192 2108 90000
1232 2062 1282 2096 ω

403 2128 453 2174 II
526 2129 594 2175 70
638 2128 743 2176 Geu
781 2132 846 2176 P:
890 2128 990 2176 Ceu
1029 2141 1079 2175 ω

401 2252 453 2299 II
481 2253 582 2300 165
615 2215 860 2313 paeliassis
898 2247 984 2301 Pl:
1015 2252 1223 2312 peliacis
1263 2265 1314 2300 ω

159 2356 359 2405 possum
412 2341 557 2403 plura
609 2341 829 2403 proferre
878 2357 934 2389 ex
982 2340 1253 2401 Thebaide,
1308 2356 1333 2387 e
1380 2338 1558 2401 quibus
1612 2339 1855 2388 nonnulla

159 2424 380 2471 invenies
418 2424 471 2469 in
510 2421 711 2469 Mfilleri
749 2424 994 2485 apparatu
1033 2422 1205 2469 critico
1247 2447 1315 2454 —
1356 2435 1473 2468 nam
1510 2418 1852 2469 Kohlmannus

159 2504 261 2552 fere
299 2504 517 2567 neglexit
554 2503 700 2550 huius
740 2504 931 2566 generis
971 2517 1155 2551 errores
1188 2527 1275 2562 —-‚
1306 2500 1390 2549 sed
1422 2499 1643 2549 sufficere
1683 2515 1853 2551 censeo

161 2601 233 2646 ea,
259 2600 384 2646 quae
410 2585 658 2646 exscripsi,
684 2583 746 2632 ad
768 2583 1133 2632 inlustrandum
1155 2582 1220 2644 id,
1246 2582 1378 2644 quod
1399 2583 1680 2631 ostensurus
1705 2597 1853 2631 eram.

282 2719 323 2774 1)
357 2716 414 2760 de
446 2716 533 2760 hoc
566 2717 667 2760 1000
701 2718 878 2760 certum
909 2715 1136 2759 iudicium
1167 2729 1259 2759 non
1292 2715 1441 2759 audeo
1474 2715 1605 2761 ferre.
1655 2715 1852 2771 possunt

161 2782 286 2826 enim
318 2783 644 2839 supplementa
673 2782 943 2826 recentioris
977 2781 1218 2826 cuiusdam
1251 2781 1519 2826 correctoris
1552 2793 1663 2824 esse.

281 2851 323 2905 2)
364 2849 439 2892 hic
478 2849 606 2893 locus
647 2849 790 2893 etiam
827 2848 1116 2893 luculentum
1153 2848 1398 2892 verborum
1435 2846 1558 2891 male
1597 2845 1851 2891 divisorum

160 2914 423 2969 exemplum
454 2915 658 2970 praebet.
