2014 3138
0 3107 22 3138 svn·
0 3030 13 3067 ’τ
8 2973 19 2981 .,»

120 1644 166 1675 ΙΙ

143 1689 161 1720 1

751 103 1150 157 ACHILLEIDOS
1182 112 1230 157 L.
1263 113 1296 157 I.
1799 113 1867 165 37

179 246 374 317 Scyros
415 251 468 301 et
507 249 563 300 in
600 247 831 300 tumidas
871 247 1026 299 ibunt
1065 247 1197 300 haec
1236 265 1387 300 versa
1423 247 1685 315 procellas

179 337 405 406 moenia,
446 353 606 404 quam
646 354 802 388 saevo
842 354 960 387 mea
997 339 1058 387 tu
1099 335 1328 388 conubia
1365 335 1563 402 pendas

179 425 387 477 funere:
425 442 536 476 non
573 424 704 475 adeo
743 423 1048 491 parebimus
1089 423 1268 475 omnia
1306 423 1498 475 matri.9
1809 443 1874 475 660

329 512 590 580 obstipuit
627 512 791 564 tantis
828 512 1013 581 regina
1053 511 1303 563 exterrita
1340 511 1609 578 monstriS‚
1807 531 1871 563 662

182 617 503 668 quamquam
538 600 667 652 olim
706 603 952 668 suspecta
991 599 1137 668 fides,
1177 602 1229 651 et
1269 599 1565 652 comminus
1605 599 1782 666 ipsum

179 689 389 741 horruit
428 692 481 741 et
517 688 680 740 facies
720 689 950 740 multum
988 690 1194 739 mutata
1231 687 1463 739 fatentis,

181 776 309 845 quid
346 777 543 830 faciat?
584 794 804 829 casusne
844 794 969 828 suos
1007 776 1143 827 ferat
1182 776 1300 844 ipsa
1338 775 1546 843 parenti
1806 793 1871 827 665

181 883 340 934 seque
380 866 541 937 simul
579 865 930 932 iuvenemque
969 867 1188 932 premat,
1227 863 1470 915 fortassis
1510 862 1724 915 acerbas

179 953 472 1006 hausurum
511 953 746 1021 poenas?
823 956 876 1004 et
913 952 1087 1005 adhuc
1126 953 1182 1003 in
1222 952 1378 1004 corde
1417 950 1666 1002 manebat

181 1042 272 1094 ille
313 1042 403 1093 diu
443 1041 695 1109 deceptus
734 1059 903 1092 amor:
953 1041 1073 1092 silet
1112 1057 1269 1110 aegra
1307 1022 1607 1107 premitque

184 1131 291 1182 iam
332 1147 613 1183 commune
651 1130 823 1197 nefas3
862 1147 1023 1180 unam
1062 1129 1239 1197 placet
1278 1127 1468 1179 addere
1507 1127 1665 1178 furtis

183 1218 423 1271 altricem
464 1217 679 1281 sociam,
718 1217 965 1285 precibus
1005 1234 1139 1284 quae
1178 1216 1320 1268 victa
1360 1215 1586 1266 duorum
1810 1234 1875 1266 670

186 1307 385 1359 adnuit.
461 1306 555 1357 illa
594 1308 712 1357 astu
749 1305 914 1357 tacito
954 1307 1273 1372 raptumque
1312 1303 1572 1371 pudorem

184 1397 593 1464 surgentemque
631 1396 842 1445 uterum
882 1395 1040 1460 atque
1080 1409 1266 1462 aegros
1307 1392 1364 1442 in
1401 1390 1635 1458 pondere
1666 1407 1874 1441 menses

185 1483 434 1551 occuluit,
471 1482 645 1551 plenis
685 1482 853 1533 donec
893 1483 1030 1532 stata
1067 1483 1310 1548 tempora
1347 1479 1504 1530 metis

185 1571 368 1623 attulit
407 1574 459 1623 et
497 1573 681 1638 partus
721 1569 880 1621 index
918 1568 1122 1621 Lucina
1158 1567 1392 1620 resolvit.

333 1659 545 1726 iamque
583 1676 678 1726 per
714 1656 957 1726 Aegaeos
997 1657 1109 1708 ibat
1146 1655 1358 1707 Laertia
1396 1655 1564 1706 flexus
1810 1673 1874 1706 675

186 1747 399 1815 puppis,
439 1749 492 1797 et
530 1745 833 1797 innumeras
872 1744 1152 1796 mutabant
1193 1742 1448 1811 Cycladas
1489 1759 1666 1793 aurae:

187 1921 307 1965 vade
340 1921 421 1964 sed
453 1921 664 1975 ereptum
697 1918 816 1962 celes
847 1920 1098 1973 taceasque
1128 1917 1367 1973 pudorem.
1814 1927 1877 1958 661

305 2067 554 2122 Eoeempla:
604 2069 687 2109 667
720 2065 778 2119 ef.
810 2065 953 2108 sze.
986 2065 1099 2107 Aen.
1126 2064 1189 2108 IV
1214 2067 1298 2106 383
1339 2061 1570 2119 supplicia
1608 2061 1876 2104 hausurum.

308 2130 392 2169 676
424 2126 480 2179 cf.
514 2125 656 2169 VERG.
683 2125 796 2167 Aen.
822 2124 886 2166 III
912 2128 996 2166 124
1008 2137 1070 2179 sq.

307 2291 390 2330 659
415 2286 593 2342 pendas
617 2301 676 2338 qe
701 2287 782 2342 (sic
804 2285 1171 2330 Sawdstroemius
1194 2285 1319 2327 1878
1336 2296 1384 2338 p.
1400 2285 1460 2325 40
1483 2295 1504 2325 e
1528 2281 1654 2325 codd.
1673 2280 1876 2324 Linden-

190 2346 372 2403 broyii):
404 2345 573 2401 perdas
598 2349 669 2387 Pk
842 2349 923 2387 661
958 2344 1084 2388 adest
1114 2344 1166 2386 in
1197 2357 1236 2395 q,
1270 2342 1388 2385 deest
1416 2341 1468 2383 in
1497 2340 1650 2383 ceteris
1680 2339 1879 2383 melioris

189 2409 322 2449 ‘notae
360 2405 513 2458 libris;
565 2405 751 2448 removit
789 2403 1111 2447 Kohlmannus
1313 2403 1396 2442 662
1443 2397 1695 2453 Obstupuit
1734 2411 1760 2449 q

192 2466 276 2505 663
309 2462 562 2505 comminus
602 2461 755 2517 ipsum
796 2460 995 2504 horruit:
1043 2458 1232 2502 luminis
1270 2458 1428 2515 ignem
1464 2456 1644 2499 horruit
1676 2456 1880 2501 Kochius

191 2552 314 2593 1865
338 2563 386 2604 p.
413 2552 469 2592 14
605 2553 689 2592 665
720 2535 904 2605 patenti
937 2552 972 2596 Q,
1109 2550 1192 2589 666
1228 2558 1413 2589 acervas
1437 2549 1470 2586 P
1606 2548 1688 2587 671
1723 2545 1879 2587 astuta

107 2623 110 2626 ·
193 2607 285 2651 cito
319 2611 390 2655 αθ
542 2611 625 2650 673
656 2607 808 2663 plenis
841 2622 907 2651 w:
951 2606 1195 2663 plenisque
1225 2609 1257 2646 P
1408 2607 1513 2658 post
1545 2607 1630 2646 674
1662 2603 1879 2646 editiones

190 2671 353 2710 veteres
376 2667 617 2722 pleraeque
648 2667 814 2709 librum
835 2668 1035 2721 primum
1058 2665 1243 2720 finiunt,
1275 2662 1446 2706 codices
1463 2662 1650 2716 pessimi
1673 2661 1875 2704 alterum.

191 2724 290 2768 Lib.
318 2729 342 2767 2
375 2727 427 2767 in
449 2729 482 2766 P
514 2724 757 2780 adscripsit
785 2725 977 2778 fortasse
1007 2726 1256 2768 Puteanus.
1417 2724 1501 2763 675
1533 2733 1646 2775 paer
1678 2731 1814 2775 egeos
1845 2723 1878 2759 P

308 2783 452 2826 flexus
484 2787 592 2826 Pw:
625 2785 647 2824 1
676 2781 842 2825 fluctus
875 2783 931 2830 αἳ
962 2797 1046 2840 my.
1199 2782 1282 2822 676
1321 2777 1587 2820 innumeras
1630 2777 1879 2820 mutabant

192 2841 419 2898 Cycladas
445 2854 585 2886 aurae
610 2841 896 2885 Koestlinius
919 2845 1043 2885 1876
1060 2854 1107 2895 p.
1136 2841 1245 2882 532:
1278 2836 1546 2879 innumerae
1577 2851 1636 2878 m.
1664 2836 1878 2891 cyclades

193 2914 329 2944 auras
