2014 3138
743 97 747 100 ·
782 87 987 132 Editoris
1018 87 1262 144 praefatio.
1659 87 1869 131 XXXVII

291 243 316 275 e
364 243 571 289 quorum
623 226 769 274 turba
825 229 1087 289 optimam,
1134 229 1375 289 quantum
1430 225 1657 288 equidem
1711 227 1868 288 video,

174 307 422 356 ‘familiam
487 308 722 371 elegimus
793 308 1041 368 codicum,
1110 308 1169 356 de
1232 308 1408 370 quibus
1471 323 1619 369 supra
1682 309 1868 371 egimus

182 393 354 444 QcK.
432 405 639 451 quorum
678 389 909 437 lectiones
948 391 1000 436 in
1040 391 1285 451 apparatu
1325 389 1494 436 critico
1533 390 1751 452 integras
1792 405 1869 436 ex-

180 470 446 519 hibuimus..
543 486 567 517 e
629 470 833 531 reliquis
886 470 1228 518 Kohhnannus
1290 469 1529 532 quosdam
1591 469 1870 518 addiderat:

182 551 520 599 Trevirensem
559 544 645 618 (t),
684 551 964 599 Parisinum
1005 552 1146 600 8052
1189 544 1285 617 (p),
1326 549 1606 599 Gudianum
1649 551 1714 598 52
1757 543 1871 616 (G),

179 631 623 680 Helmstadiensem
675 625 797 699 (H),
851 633 1336 680 Dommerichianum
1393 624 1544 697 (nunc
1591 631 1871 680 Gudianum

184 714 305 773 292,
332 714 360 760 2
393 706 480 779 D).
544 728 666 774 quos
698 728 785 761 nos
816 728 1014 775 prorsus
1046 713 1326 761 abiecimus.
1388 728 1503 760 nam
1535 714 1622 760 aut
1653 714 1872 761 omnium

179 794 402 842 codicum
447 794 680 842 lectiones
729 780 1035 843 adnotandas
1088 794 1240 842 fuisse
1294 795 1382 841 aut
1436 809 1604 841 eorum
1658 796 1870 855 tantum,

182 874 359 936 quibus
396 876 613 923 recensio
652 876 845 936 nititur,
891 876 1015 922 mihi
1060 890 1348 937 persuasum
1389 878 1473 922 est.
1551 877 1722 936 itaque
1761 890 1871 922 cum

181 970 348 1003 omnes
391 972 489 1003 non
532 956 774 1017 possimus
816 956 1021 1019 adferre,
1061 958 1306 1004 sarcinam
1338 971 1751 1017 supervacaneam
1783 971 1872 1003 nec

181 1036 322 1084 nobis
373 1052 461 1084 nec
497 1038 581 1096 eis,
613 1038 699 1098 qui
736 1037 864 1085 forte
902 1037 1086 1100 legant,
1124 1036 1472 1099 imponendam
1505 1052 1607 1085 esse
1640 1037 1873 1084 arbitrati

181 1131 365 1165 sumus.
421 1133 536 1165 nam
562 1133 863 1178 quamquam
894 1118 1136 1165 laudabili
1167 1117 1330 1165 studio
1362 1120 1475 1179 post
1505 1117 1871 1165 Kohlmannum

183 1214 208 1245 e
247 1197 672 1259 bybliothecarum
710 1198 925 1246 tenebris
964 1198 1081 1245 libri
1118 1200 1413 1246 recentiores
1463 1199 1705 1260 protracti
1744 1201 1872 1258 sunt,

184 1281 350 1326 tamen
389 1281 585 1326 tantum
624 1278 764 1327 abest
802 1282 859 1326 ut
896 1294 1063 1328 omnes
1093 1279 1396 1327 Achilleidos
1429 1279 1618 1326 codices
1648 1280 1871 1326 innotue—

181 1361 298 1419 rint,
351 1361 408 1406 ut
460 1359 519 1407 de
572 1361 740 1408 nostro
793 1360 1030 1422 quosdam
1085 1360 1264 1408 addere
1310 1361 1567 1422 possimus.
1643 1359 1695 1406 id
1742 1360 1873 1420 quod

181 1440 326 1487 huius
365 1441 462 1489 loci
499 1456 598 1488 non
638 1455 740 1489 esse
779 1443 912 1503 puto.
991 1458 1145 1488 unum
1182 1443 1351 1488 tamen
1391 1441 1662 1488 cavendum
1703 1443 1790 1502 est,
1831 1442 1873 1487 si

185 1523 294 1582 quis
335 1521 515 1569 codicis
554 1523 669 1570 ante
708 1538 807 1569 non
847 1524 1034 1585 cogniti
1071 1522 1307 1570 lectiones
1345 1521 1534 1583 publici
1564 1523 1687 1569 iuris
1718 1522 1873 1568 faciat

182 1618 243 1650 ne
281 1618 457 1663 parum
496 1605 638 1650 caute
678 1604 851 1650 ceteris
891 1602 1030 1651 libris
1069 1619 1168 1650 non
1208 1601 1442 1650 adhibitis
1475 1604 1632 1650 certas
1665 1602 1871 1650 deterio-

186 1699 297 1730 rum
336 1682 558 1731 codicum
596 1683 813 1731 familias
854 1685 1089 1731 constitui
1126 1698 1268 1745 posse
1308 1682 1588 1730 arbitretur.
1664 1699 1780 1730 nam
1818 1685 1874 1729 ut

184 1779 338 1809 unum
368 1763 616 1824 proferam
648 1764 939 1825 exemplum,
978 1763 1167 1811 codices
1198 1763 1498 1810 Vaticanum
1533 1764 1689 1824 1663,
1727 1763 1872 1827 Regi-

185 1858 358 1891 nenses
395 1844 532 1891 1556
568 1845 617 1891 et
649 1844 807 1904 1708,
837 1843 1130 1892 Urbinatem
1162 1845 1285 1905 648,
1316 1843 1703 1892 Ottobonianum
1732 1845 1871 1891 1475

184 1940 214 1971 a
264 1926 511 1972 communi
557 1924 825 1986 archetypo
872 1926 1114 1988 originem
1157 1924 1331 1972 ducere
1370 1924 1695 1972 demonstrari
1732 1939 1873 1986 posse

183 2006 382 2066 putavit
412 2005 643 2053 Wotkius
655 1999 696 2071 1)
731 2021 802 2065 eo,
835 2006 965 2066 quod
1003 2007 1056 2052 in
1094 2006 1170 2053 his
1209 2006 1348 2053 libris
1380 2020 1547 2053 versus
1580 2005 1700 2052 Ach.
1726 2005 1777 2052 II
1803 2007 1870 2052 68

183 2088 254 2133 sic
294 2085 447 2134 cadit:

538 2175 655 2233 quid
693 2177 820 2222 enim
853 2175 1068 2235 yenialia
1106 2174 1302 2234 foedera
1340 2177 1516 2234 rumpi.

185 2295 351 2339 tamen
397 2293 449 2339 in
497 2294 596 2346 QG
642 2291 774 2340 idem
825 2294 1005 2354 exstat,
1051 2292 1136 2340 sed
1181 2309 1278 2340 non
1324 2295 1429 2339 tam
1476 2292 1670 2352 Wotki,
1726 2308 1873 2353 quam

185 2372 486 2420 Kohlmanni
531 2372 676 2434 culpa
715 2373 809 2433 est,
857 2374 943 2434 qui
980 2375 1037 2420 ut
1074 2373 1243 2421 multis
1286 2373 1428 2433 locis,
1467 2373 1540 2420 ita
1578 2372 1659 2420 hic
1697 2387 1873 2433 parum

186 2454 413 2500 accurate
459 2453 518 2500 de
559 2457 608 2507 Q,
653 2453 860 2501 rettulit.
936 2453 989 2500 id
1035 2454 1166 2515 quod
1211 2453 1335 2500 mihi
1372 2454 1473 2500 fere
1513 2452 1872 2500 dubitationem

105 2594 108 2597 Δ
188 2535 353 2579 movet
391 2532 450 2580 de
488 2533 667 2580 codicis
705 2537 757 2580 Κ
792 2534 1015 2582 lectione.

299 2627 386 2660 nos
424 2614 578 2676 igitur
615 2616 774 2661 totam
812 2615 939 2662 hanc
978 2615 1300 2677 farraginem,
1343 2613 1471 2661 unde
1510 2615 1685 2674 poetae
1724 2613 1872 2660 verba

187 2694 259 2739 nil
313 2693 496 2740 lucrari
549 2696 735 2744 certum
789 2697 883 2755 est,
940 2695 1242 2758 negleximus
1296 2710 1385 2755 pro
1443 2695 1588 2741 huius
1644 2693 1872 2740 editionis

302 2879 345 2934 1)
363 2876 630 2921 Zeitschrift
647 2876 721 2921 fiir
738 2877 1118 2921 &sterreichische
1129 2876 1411 2933 Gymnasien
1421 2875 1542 2919 XLII
1551 2878 1653 2933 (189
1661 2879 1702 2933 1)
1712 2892 1756 2934 p.
1770 2880 1870 2920 200.
