<?xml version="1.0" encoding="UTF-8"?>
<!DOCTYPE html PUBLIC "-//W3C//DTD XHTML 1.0 Transitional//EN"
    "http://www.w3.org/TR/xhtml1/DTD/xhtml1-transitional.dtd">
<html xmlns="http://www.w3.org/1999/xhtml" xml:lang="en" lang="en">
 <head>
  <title>
</title>
<meta http-equiv="Content-Type" content="text/html;charset=utf-8" />
  <meta name='ocr-system' content='tesseract 3.04.00' />
  <meta name='ocr-capabilities' content='ocr_page ocr_carea ocr_par ocr_line ocrx_word'/>
</head>
<body>
  <div class='ocr_page' id='page_1' title='image "./ppapinistatiachi00statuoft_0011.png"; bbox 0 0 2014 3138; ppageno 0'>
   <div class='ocr_carea' id='block_1_1' title="bbox 586 664 1440 772">
    <p class='ocr_par' dir='ltr' id='par_1_1' title="bbox 586 664 1440 772">
     <span class='ocr_line' id='line_1_1' title="bbox 586 664 1440 772; baseline -0.001 -39"><span class='ocrx_word' id='word_1_1' title='bbox 586 664 942 735; x_wconf 80' lang='lat' dir='ltr'>EDITORIS</span> <span class='ocrx_word' id='word_1_2' title='bbox 988 664 1440 772; x_wconf 82' lang='lat' dir='ltr'><strong>PRAEFATIO.</strong></span> 
     </span>
    </p>
   </div>
   <div class='ocr_carea' id='block_1_2' title="bbox 158 819 1861 2498">
    <p class='ocr_par' dir='ltr' id='par_1_2' title="bbox 158 819 1861 2498">
     <span class='ocr_line' id='line_1_2' title="bbox 282 819 1860 883; baseline -0.002 -14"><span class='ocrx_word' id='word_1_3' title='bbox 282 821 588 870; x_wconf 81' lang='lat' dir='ltr'><strong>Achilleidos</strong></span> <span class='ocrx_word' id='word_1_4' title='bbox 630 820 887 868; x_wconf 83' lang='lat' dir='ltr'>Statianae</span> <span class='ocrx_word' id='word_1_5' title='bbox 928 820 1158 883; x_wconf 74' lang='lat' dir='ltr'>editione,</span> <span class='ocrx_word' id='word_1_6' title='bbox 1197 836 1347 881; x_wconf 90' lang='lat' dir='ltr'>quam</span> <span class='ocrx_word' id='word_1_7' title='bbox 1387 835 1515 868; x_wconf 91' lang='lat' dir='ltr'>anno</span> <span class='ocrx_word' id='word_1_8' title='bbox 1556 819 1734 881; x_wconf 88' lang='lat' dir='ltr'>prioris</span> <span class='ocrx_word' id='word_1_9' title='bbox 1778 834 1860 866; x_wconf 91' lang='lat' dir='ltr'>sae</span> 
     </span>
     <span class='ocr_line' id='line_1_3' title="bbox 168 888 1856 964; baseline -0.003 -13"><span class='ocrx_word' id='word_1_10' title='bbox 168 903 266 952; x_wconf 93' lang='lat' dir='ltr'>culi</span> <span class='ocrx_word' id='word_1_11' title='bbox 296 888 503 950; x_wconf 89' lang='lat' dir='ltr'>LXXIX</span> <span class='ocrx_word' id='word_1_12' title='bbox 540 902 800 964; x_wconf 87' lang='lat' dir='ltr'>Philippus</span> <span class='ocrx_word' id='word_1_13' title='bbox 832 901 1115 951; x_wconf 81' lang='lat' dir='ltr'><strong>Kohlmann</strong></span> <span class='ocrx_word' id='word_1_14' title='bbox 1154 902 1359 962; x_wconf 85' lang='lat' dir='ltr'>curavit,</span> <span class='ocrx_word' id='word_1_15' title='bbox 1399 900 1653 953; x_wconf 86' lang='lat' dir='ltr'>divendita</span> <span class='ocrx_word' id='word_1_16' title='bbox 1686 899 1747 947; x_wconf 90' lang='lat' dir='ltr'>ad</span> <span class='ocrx_word' id='word_1_17' title='bbox 1778 915 1856 946; x_wconf 93' lang='lat' dir='ltr'>me</span> 
     </span>
     <span class='ocr_line' id='line_1_4' title="bbox 166 982 1857 1046; baseline -0.003 -14"><span class='ocrx_word' id='word_1_18' title='bbox 166 985 392 1046; x_wconf 85' lang='lat' dir='ltr'>pervenit</span> <span class='ocrx_word' id='word_1_19' title='bbox 432 982 648 1030; x_wconf 85' lang='lat' dir='ltr'>iterandi</span> <span class='ocrx_word' id='word_1_20' title='bbox 690 998 799 1030; x_wconf 90' lang='lat' dir='ltr'>eam</span> <span class='ocrx_word' id='word_1_21' title='bbox 845 982 1074 1030; x_wconf 89' lang='lat' dir='ltr'>officium.</span> <span class='ocrx_word' id='word_1_22' title='bbox 1152 982 1472 1044; x_wconf 87' lang='lat' dir='ltr'>quamobrem</span> <span class='ocrx_word' id='word_1_23' title='bbox 1509 983 1566 1029; x_wconf 91' lang='lat' dir='ltr'>ut</span> <span class='ocrx_word' id='word_1_24' title='bbox 1604 983 1857 1043; x_wconf 72' lang='lat' dir='ltr'>appareat,</span> 
     </span>
     <span class='ocr_line' id='line_1_5' title="bbox 168 1062 1856 1126; baseline -0.002 -14"><span class='ocrx_word' id='word_1_25' title='bbox 168 1064 345 1126; x_wconf 84' lang='lat' dir='ltr'>quibus</span> <span class='ocrx_word' id='word_1_26' title='bbox 381 1063 714 1111; x_wconf 69' lang='lat' dir='ltr'>fundamentis</span> <span class='ocrx_word' id='word_1_27' title='bbox 750 1078 866 1112; x_wconf 87' lang='lat' dir='ltr'>usus</span> <span class='ocrx_word' id='word_1_28' title='bbox 899 1064 1129 1112; x_wconf 81' lang='lat' dir='ltr'>carminis</span> <span class='ocrx_word' id='word_1_29' title='bbox 1152 1063 1297 1110; x_wconf 92' lang='lat' dir='ltr'>huius</span> <span class='ocrx_word' id='word_1_30' title='bbox 1322 1062 1472 1111; x_wconf 87' lang='lat' dir='ltr'>verba</span> <span class='ocrx_word' id='word_1_31' title='bbox 1496 1063 1856 1110; x_wconf 88' lang='lat' dir='ltr'>constituerim-</span> 
     </span>
     <span class='ocr_line' id='line_1_6' title="bbox 166 1143 1857 1207; baseline -0.002 -15"><span class='ocrx_word' id='word_1_32' title='bbox 166 1160 327 1207; x_wconf 83' lang='lat' dir='ltr'>pauca</span> <span class='ocrx_word' id='word_1_33' title='bbox 363 1145 687 1206; x_wconf 88' lang='lat' dir='ltr'>praefationis</span> <span class='ocrx_word' id='word_1_34' title='bbox 726 1145 833 1192; x_wconf 93' lang='lat' dir='ltr'>loco</span> <span class='ocrx_word' id='word_1_35' title='bbox 874 1144 1079 1192; x_wconf 88' lang='lat' dir='ltr'>dicenda</span> <span class='ocrx_word' id='word_1_36' title='bbox 1110 1146 1237 1192; x_wconf 91' lang='lat' dir='ltr'>sunt.</span> <span class='ocrx_word' id='word_1_37' title='bbox 1299 1145 1468 1191; x_wconf 91' lang='lat' dir='ltr'>tamen</span> <span class='ocrx_word' id='word_1_38' title='bbox 1498 1159 1558 1190; x_wconf 89' lang='lat' dir='ltr'>ne</span> <span class='ocrx_word' id='word_1_39' title='bbox 1587 1143 1697 1204; x_wconf 92' lang='lat' dir='ltr'>quis</span> <span class='ocrx_word' id='word_1_40' title='bbox 1728 1157 1857 1189; x_wconf 91' lang='lat' dir='ltr'>nunc</span> 
     </span>
     <span class='ocr_line' id='line_1_7' title="bbox 167 1223 1856 1287; baseline -0.001 -15"><span class='ocrx_word' id='word_1_41' title='bbox 167 1226 367 1287; x_wconf 90' lang='lat' dir='ltr'>plenam</span> <span class='ocrx_word' id='word_1_42' title='bbox 400 1226 745 1287; x_wconf 82' lang='lat' dir='ltr'>copiosamque</span> <span class='ocrx_word' id='word_1_43' title='bbox 777 1225 836 1272; x_wconf 91' lang='lat' dir='ltr'>de</span> <span class='ocrx_word' id='word_1_44' title='bbox 868 1225 1007 1272; x_wconf 90' lang='lat' dir='ltr'>libris</span> <span class='ocrx_word' id='word_1_45' title='bbox 1042 1223 1281 1272; x_wconf 81' lang='lat' dir='ltr'>Statianis</span> <span class='ocrx_word' id='word_1_46' title='bbox 1306 1251 1379 1261; x_wconf 77' lang='lat'>-—</span> <span class='ocrx_word' id='word_1_47' title='bbox 1403 1226 1653 1287; x_wconf 82' lang='lat' dir='ltr'>epicorum</span> <span class='ocrx_word' id='word_1_48' title='bbox 1681 1238 1856 1285; x_wconf 90' lang='lat' dir='ltr'>nempe</span> 
     </span>
     <span class='ocr_line' id='line_1_8' title="bbox 167 1304 1860 1367; baseline -0.002 -13"><span class='ocrx_word' id='word_1_49' title='bbox 167 1307 453 1367; x_wconf 86' lang='lat' dir='ltr'>carminum,</span> <span class='ocrx_word' id='word_1_50' title='bbox 489 1322 604 1353; x_wconf 86' lang='lat' dir='ltr'>nam</span> <span class='ocrx_word' id='word_1_51' title='bbox 635 1306 694 1354; x_wconf 92' lang='lat' dir='ltr'>de</span> <span class='ocrx_word' id='word_1_52' title='bbox 728 1305 876 1354; x_wconf 84' lang='lat' dir='ltr'>Silvis</span> <span class='ocrx_word' id='word_1_53' title='bbox 907 1322 1013 1354; x_wconf 90' lang='lat' dir='ltr'>rem</span> <span class='ocrx_word' id='word_1_54' title='bbox 1045 1305 1344 1354; x_wconf 83' lang='lat' dir='ltr'>absolvimus</span> <span class='ocrx_word' id='word_1_55' title='bbox 1373 1331 1435 1338; x_wconf 80' lang='lat'>—-</span> <span class='ocrx_word' id='word_1_56' title='bbox 1465 1304 1860 1353; x_wconf 85' lang='lat' dir='ltr'>dissertationem</span> 
     </span>
     <span class='ocr_line' id='line_1_9' title="bbox 166 1384 1859 1450; baseline -0.002 -15"><span class='ocrx_word' id='word_1_57' title='bbox 166 1402 196 1435; x_wconf 88' lang='lat' dir='ltr'>a</span> <span class='ocrx_word' id='word_1_58' title='bbox 225 1403 304 1435; x_wconf 92' lang='lat' dir='ltr'>me</span> <span class='ocrx_word' id='word_1_59' title='bbox 339 1389 598 1450; x_wconf 85' lang='lat' dir='ltr'>exspectet.</span> <span class='ocrx_word' id='word_1_60' title='bbox 663 1385 794 1448; x_wconf 91' lang='lat' dir='ltr'>quod</span> <span class='ocrx_word' id='word_1_61' title='bbox 825 1401 1001 1434; x_wconf 89' lang='lat' dir='ltr'>munus</span> <span class='ocrx_word' id='word_1_62' title='bbox 1035 1387 1132 1434; x_wconf 88' lang='lat' dir='ltr'>alio</span> <span class='ocrx_word' id='word_1_63' title='bbox 1164 1389 1384 1448; x_wconf 91' lang='lat' dir='ltr'>tempore</span> <span class='ocrx_word' id='word_1_64' title='bbox 1414 1402 1492 1433; x_wconf 90' lang='lat' dir='ltr'>me</span> <span class='ocrx_word' id='word_1_65' title='bbox 1523 1399 1665 1446; x_wconf 89' lang='lat' dir='ltr'>posse</span> <span class='ocrx_word' id='word_1_66' title='bbox 1697 1384 1859 1432; x_wconf 85' lang='lat' dir='ltr'>subire</span> 
     </span>
     <span class='ocr_line' id='line_1_10' title="bbox 164 1467 1859 1530; baseline -0.002 -14"><span class='ocrx_word' id='word_1_67' title='bbox 164 1482 329 1530; x_wconf 89' lang='lat' dir='ltr'>spero,</span> <span class='ocrx_word' id='word_1_68' title='bbox 375 1468 464 1515; x_wconf 91' lang='lat' dir='ltr'>ubi</span> <span class='ocrx_word' id='word_1_69' title='bbox 510 1469 661 1516; x_wconf 90' lang='lat' dir='ltr'>etiam</span> <span class='ocrx_word' id='word_1_70' title='bbox 711 1467 986 1515; x_wconf 87' lang='lat' dir='ltr'>Thebaidos</span> <span class='ocrx_word' id='word_1_71' title='bbox 1032 1469 1364 1515; x_wconf 88' lang='lat' dir='ltr'>recensionem</span> <span class='ocrx_word' id='word_1_72' title='bbox 1411 1480 1730 1530; x_wconf 85' lang='lat' dir='ltr'>aggressurus</span> <span class='ocrx_word' id='word_1_73' title='bbox 1778 1480 1859 1512; x_wconf 91' lang='lat' dir='ltr'>ero</span> 
     </span>
     <span class='ocr_line' id='line_1_11' title="bbox 162 1546 1860 1611; baseline -0.002 -15"><span class='ocrx_word' id='word_1_74' title='bbox 162 1549 406 1611; x_wconf 89' lang='lat' dir='ltr'>huiusque</span> <span class='ocrx_word' id='word_1_75' title='bbox 446 1551 688 1611; x_wconf 87' lang='lat' dir='ltr'>poematis</span> <span class='ocrx_word' id='word_1_76' title='bbox 737 1549 976 1596; x_wconf 88' lang='lat' dir='ltr'>librorum</span> <span class='ocrx_word' id='word_1_77' title='bbox 1015 1548 1302 1596; x_wconf 89' lang='lat' dir='ltr'>collationes</span> <span class='ocrx_word' id='word_1_78' title='bbox 1342 1562 1704 1608; x_wconf 87' lang='lat' dir='ltr'>comparavero.</span> <span class='ocrx_word' id='word_1_79' title='bbox 1781 1546 1860 1593; x_wconf 92' lang='lat' dir='ltr'>hic</span> 
     </span>
     <span class='ocr_line' id='line_1_12' title="bbox 162 1627 1860 1693; baseline -0.002 -16"><span class='ocrx_word' id='word_1_80' title='bbox 162 1644 278 1677; x_wconf 87' lang='lat' dir='ltr'>vero</span> <span class='ocrx_word' id='word_1_81' title='bbox 330 1630 458 1677; x_wconf 88' lang='lat' dir='ltr'>nihil</span> <span class='ocrx_word' id='word_1_82' title='bbox 510 1632 700 1693; x_wconf 86' lang='lat' dir='ltr'>agimus</span> <span class='ocrx_word' id='word_1_83' title='bbox 740 1632 836 1677; x_wconf 90' lang='lat' dir='ltr'>nisi</span> <span class='ocrx_word' id='word_1_84' title='bbox 873 1630 979 1691; x_wconf 91' lang='lat' dir='ltr'>hoc,</span> <span class='ocrx_word' id='word_1_85' title='bbox 1025 1631 1362 1691; x_wconf 39' lang='lat' dir='ltr'>ut,⁴quantum</span> <span class='ocrx_word' id='word_1_86' title='bbox 1407 1627 1514 1675; x_wconf 92' lang='lat' dir='ltr'>fieri</span> <span class='ocrx_word' id='word_1_87' title='bbox 1551 1630 1715 1689; x_wconf 87' lang='lat' dir='ltr'>potest</span> <span class='ocrx_word' id='word_1_88' title='bbox 1751 1627 1860 1674; x_wconf 93' lang='lat' dir='ltr'>bre-</span> 
     </span>
     <span class='ocr_line' id='line_1_13' title="bbox 163 1708 1859 1771; baseline -0.002 -13"><span class='ocrx_word' id='word_1_89' title='bbox 163 1710 360 1758; x_wconf 87' lang='lat' dir='ltr'>vissime</span> <span class='ocrx_word' id='word_1_90' title='bbox 407 1710 694 1771; x_wconf 89' lang='lat' dir='ltr'>indicemus,</span> <span class='ocrx_word' id='word_1_91' title='bbox 741 1726 836 1771; x_wconf 93' lang='lat' dir='ltr'>quo</span> <span class='ocrx_word' id='word_1_92' title='bbox 887 1710 1208 1757; x_wconf 85' lang='lat' dir='ltr'>fundamento</span> <span class='ocrx_word' id='word_1_93' title='bbox 1255 1711 1425 1756; x_wconf 87' lang='lat' dir='ltr'>nostra</span> <span class='ocrx_word' id='word_1_94' title='bbox 1465 1708 1616 1756; x_wconf 88' lang='lat' dir='ltr'>editio</span> <span class='ocrx_word' id='word_1_95' title='bbox 1654 1708 1859 1768; x_wconf 89' lang='lat' dir='ltr'>nitatur,</span> 
     </span>
     <span class='ocr_line' id='line_1_14' title="bbox 162 1788 1859 1852; baseline -0.002 -15"><span class='ocrx_word' id='word_1_96' title='bbox 162 1806 223 1838; x_wconf 91' lang='lat' dir='ltr'>ne</span> <span class='ocrx_word' id='word_1_97' title='bbox 280 1791 414 1839; x_wconf 87' lang='lat' dir='ltr'>omni</span> <span class='ocrx_word' id='word_1_98' title='bbox 466 1790 649 1837; x_wconf 89' lang='lat' dir='ltr'>iudicio</span> <span class='ocrx_word' id='word_1_99' title='bbox 706 1792 805 1838; x_wconf 85' lang='lat' dir='ltr'>sint</span> <span class='ocrx_word' id='word_1_100' title='bbox 859 1790 1085 1838; x_wconf 89' lang='lat' dir='ltr'>destituti</span> <span class='ocrx_word' id='word_1_101' title='bbox 1139 1791 1225 1851; x_wconf 92' lang='lat' dir='ltr'>qui</span> <span class='ocrx_word' id='word_1_102' title='bbox 1271 1791 1454 1852; x_wconf 88' lang='lat' dir='ltr'>legant.</span> <span class='ocrx_word' id='word_1_103' title='bbox 1540 1803 1596 1836; x_wconf 90' lang='lat' dir='ltr'>ac</span> <span class='ocrx_word' id='word_1_104' title='bbox 1643 1788 1859 1851; x_wconf 87' lang='lat' dir='ltr'>primum</span> 
     </span>
     <span class='ocr_line' id='line_1_15' title="bbox 163 1870 1854 1932; baseline -0.002 -14"><span class='ocrx_word' id='word_1_105' title='bbox 163 1870 361 1932; x_wconf 90' lang='lat' dir='ltr'>quidem</span> <span class='ocrx_word' id='word_1_106' title='bbox 414 1871 474 1918; x_wconf 93' lang='lat' dir='ltr'>de</span> <span class='ocrx_word' id='word_1_107' title='bbox 520 1871 683 1919; x_wconf 90' lang='lat' dir='ltr'>codice</span> <span class='ocrx_word' id='word_1_108' title='bbox 731 1870 996 1932; x_wconf 87' lang='lat' dir='ltr'>Puteaneo,</span> <span class='ocrx_word' id='word_1_109' title='bbox 1043 1872 1261 1919; x_wconf 89' lang='lat' dir='ltr'>omnium</span> <span class='ocrx_word' id='word_1_110' title='bbox 1308 1871 1601 1931; x_wconf 87' lang='lat' dir='ltr'>quicumque</span> <span class='ocrx_word' id='word_1_111' title='bbox 1641 1871 1854 1916; x_wconf 90' lang='lat' dir='ltr'>aetatem</span> 
     </span>
     <span class='ocr_line' id='line_1_16' title="bbox 161 1949 1850 2014; baseline -0.002 -15"><span class='ocrx_word' id='word_1_112' title='bbox 161 1951 383 1999; x_wconf 88' lang='lat' dir='ltr'>tulerunt</span> <span class='ocrx_word' id='word_1_113' title='bbox 431 1953 635 2014; x_wconf 88' lang='lat' dir='ltr'>optimo,</span> <span class='ocrx_word' id='word_1_114' title='bbox 681 1951 831 1999; x_wconf 86' lang='lat' dir='ltr'>verba</span> <span class='ocrx_word' id='word_1_115' title='bbox 877 1951 1135 2012; x_wconf 86' lang='lat' dir='ltr'>faciemus,</span> <span class='ocrx_word' id='word_1_116' title='bbox 1188 1954 1297 1999; x_wconf 90' lang='lat' dir='ltr'>tum</span> <span class='ocrx_word' id='word_1_117' title='bbox 1343 1951 1402 1998; x_wconf 93' lang='lat' dir='ltr'>de</span> <span class='ocrx_word' id='word_1_118' title='bbox 1457 1950 1660 2011; x_wconf 88' lang='lat' dir='ltr'>reliquis</span> <span class='ocrx_word' id='word_1_119' title='bbox 1711 1949 1850 1997; x_wconf 89' lang='lat' dir='ltr'>libris</span> 
     </span>
     <span class='ocr_line' id='line_1_17' title="bbox 162 2030 1851 2094; baseline -0.002 -14"><span class='ocrx_word' id='word_1_120' title='bbox 162 2047 283 2094; x_wconf 89' lang='lat' dir='ltr'>quos</span> <span class='ocrx_word' id='word_1_121' title='bbox 330 2032 393 2080; x_wconf 91' lang='lat' dir='ltr'>ad</span> <span class='ocrx_word' id='word_1_122' title='bbox 445 2035 636 2080; x_wconf 86' lang='lat' dir='ltr'>textum</span> <span class='ocrx_word' id='word_1_123' title='bbox 690 2032 1086 2080; x_wconf 87' lang='lat' dir='ltr'>constituendum</span> <span class='ocrx_word' id='word_1_124' title='bbox 1137 2031 1472 2092; x_wconf 88' lang='lat' dir='ltr'>adhibuimus,</span> <span class='ocrx_word' id='word_1_125' title='bbox 1526 2030 1700 2078; x_wconf 90' lang='lat' dir='ltr'>deinde</span> <span class='ocrx_word' id='word_1_126' title='bbox 1755 2045 1851 2091; x_wconf 91' lang='lat' dir='ltr'>quo</span> 
     </span>
     <span class='ocr_line' id='line_1_18' title="bbox 159 2110 1858 2175; baseline -0.002 -14"><span class='ocrx_word' id='word_1_127' title='bbox 159 2113 357 2161; x_wconf 87' lang='lat' dir='ltr'>vinculo</span> <span class='ocrx_word' id='word_1_128' title='bbox 405 2114 586 2175; x_wconf 91' lang='lat' dir='ltr'>reliqui</span> <span class='ocrx_word' id='word_1_129' title='bbox 630 2113 708 2160; x_wconf 89' lang='lat' dir='ltr'>illi</span> <span class='ocrx_word' id='word_1_130' title='bbox 754 2113 870 2160; x_wconf 91' lang='lat' dir='ltr'>libri</span> <span class='ocrx_word' id='word_1_131' title='bbox 918 2113 1211 2161; x_wconf 89' lang='lat' dir='ltr'>cohaereant</span> <span class='ocrx_word' id='word_1_132' title='bbox 1255 2113 1386 2159; x_wconf 87' lang='lat' dir='ltr'>inter</span> <span class='ocrx_word' id='word_1_133' title='bbox 1433 2127 1483 2160; x_wconf 88' lang='lat' dir='ltr'>se</span> <span class='ocrx_word' id='word_1_134' title='bbox 1531 2114 1580 2159; x_wconf 86' lang='lat' dir='ltr'>ct</span> <span class='ocrx_word' id='word_1_135' title='bbox 1619 2126 1744 2172; x_wconf 91' lang='lat' dir='ltr'>quae</span> <span class='ocrx_word' id='word_1_136' title='bbox 1792 2110 1858 2158; x_wconf 90' lang='lat' dir='ltr'>sit</span> 
     </span>
     <span class='ocr_line' id='line_1_19' title="bbox 159 2191 1860 2255; baseline -0.002 -15"><span class='ocrx_word' id='word_1_137' title='bbox 159 2193 337 2241; x_wconf 87' lang='lat' dir='ltr'>relatio</span> <span class='ocrx_word' id='word_1_138' title='bbox 394 2196 524 2242; x_wconf 88' lang='lat' dir='ltr'>inter</span> <span class='ocrx_word' id='word_1_139' title='bbox 569 2194 658 2242; x_wconf 93' lang='lat' dir='ltr'>hos</span> <span class='ocrx_word' id='word_1_140' title='bbox 711 2196 760 2242; x_wconf 87' lang='lat' dir='ltr'>et</span> <span class='ocrx_word' id='word_1_141' title='bbox 798 2194 1124 2255; x_wconf 88' lang='lat' dir='ltr'>Puteaneum,</span> <span class='ocrx_word' id='word_1_142' title='bbox 1179 2207 1490 2254; x_wconf 91' lang='lat' dir='ltr'>quaeremus,</span> <span class='ocrx_word' id='word_1_143' title='bbox 1544 2191 1754 2253; x_wconf 90' lang='lat' dir='ltr'>denique</span> <span class='ocrx_word' id='word_1_144' title='bbox 1807 2193 1860 2237; x_wconf 86' lang='lat' dir='ltr'>in</span> 
     </span>
     <span class='ocr_line' id='line_1_20' title="bbox 158 2273 1861 2336; baseline -0.001 -16"><span class='ocrx_word' id='word_1_145' title='bbox 158 2273 253 2321; x_wconf 88' lang='lat' dir='ltr'>fine</span> <span class='ocrx_word' id='word_1_146' title='bbox 292 2275 617 2336; x_wconf 86' lang='lat' dir='ltr'>praefationis</span> <span class='ocrx_word' id='word_1_147' title='bbox 657 2275 778 2322; x_wconf 91' lang='lat' dir='ltr'>duas</span> <span class='ocrx_word' id='word_1_148' title='bbox 829 2275 1025 2323; x_wconf 88' lang='lat' dir='ltr'>tabulas</span> <span class='ocrx_word' id='word_1_149' title='bbox 1066 2273 1429 2334; x_wconf 90' lang='lat' dir='ltr'>collocabimus,</span> <span class='ocrx_word' id='word_1_150' title='bbox 1473 2274 1683 2320; x_wconf 88' lang='lat' dir='ltr'>alteram</span> <span class='ocrx_word' id='word_1_151' title='bbox 1722 2274 1861 2319; x_wconf 91' lang='lat' dir='ltr'>nota-</span> 
     </span>
     <span class='ocr_line' id='line_1_21' title="bbox 158 2353 1860 2418; baseline -0.001 -17"><span class='ocrx_word' id='word_1_152' title='bbox 158 2370 269 2402; x_wconf 90' lang='lat' dir='ltr'>rum</span> <span class='ocrx_word' id='word_1_153' title='bbox 315 2370 440 2416; x_wconf 85' lang='lat' dir='ltr'>quae</span> <span class='ocrx_word' id='word_1_154' title='bbox 477 2357 530 2402; x_wconf 90' lang='lat' dir='ltr'>in</span> <span class='ocrx_word' id='word_1_155' title='bbox 569 2357 814 2418; x_wconf 89' lang='lat' dir='ltr'>apparatu</span> <span class='ocrx_word' id='word_1_156' title='bbox 860 2356 1029 2403; x_wconf 89' lang='lat' dir='ltr'>critico</span> <span class='ocrx_word' id='word_1_157' title='bbox 1076 2356 1328 2418; x_wconf 88' lang='lat' dir='ltr'>leguntur,</span> <span class='ocrx_word' id='word_1_158' title='bbox 1380 2353 1589 2401; x_wconf 89' lang='lat' dir='ltr'>alteram</span> <span class='ocrx_word' id='word_1_159' title='bbox 1627 2354 1860 2407; x_wconf 86' lang='lat' dir='ltr'>virorum,</span> 
     </span>
     <span class='ocr_line' id='line_1_22' title="bbox 160 2433 1859 2498; baseline -0.001 -17"><span class='ocrx_word' id='word_1_160' title='bbox 160 2434 415 2482; x_wconf 90' lang='lat' dir='ltr'>doctorum</span> <span class='ocrx_word' id='word_1_161' title='bbox 454 2436 541 2498; x_wconf 93' lang='lat' dir='ltr'>qui</span> <span class='ocrx_word' id='word_1_162' title='bbox 579 2436 642 2484; x_wconf 88' lang='lat' dir='ltr'>ad</span> <span class='ocrx_word' id='word_1_163' title='bbox 683 2435 814 2484; x_wconf 84' lang='lat' dir='ltr'>Stati</span> <span class='ocrx_word' id='word_1_164' title='bbox 844 2435 1170 2484; x_wconf 89' lang='lat' dir='ltr'>Achilleidem</span> <span class='ocrx_word' id='word_1_165' title='bbox 1210 2434 1568 2483; x_wconf 88' lang='lat' dir='ltr'>emendandam</span> <span class='ocrx_word' id='word_1_166' title='bbox 1608 2433 1859 2495; x_wconf 83' lang='lat' dir='ltr'>symbolas</span> 
     </span>
    </p>
   </div>
   <div class='ocr_carea' id='block_1_3' title="bbox 79 2514 487 2576">
    <p class='ocr_par' dir='ltr' id='par_1_3' title="bbox 79 2514 487 2576">
     <span class='ocr_line' id='line_1_23' title="bbox 79 2514 487 2576; baseline 0.002 -15"><span class='ocrx_word' id='word_1_167' title='bbox 79 2573 82 2576; x_wconf 13' lang='grc' dir='ltr'><em>Δ</em></span> <span class='ocrx_word' id='word_1_168' title='bbox 162 2514 487 2562; x_wconf 87' lang='lat' dir='ltr'>contulerunt.</span> 
     </span>
    </p>
   </div>
   <div class='ocr_carea' id='block_1_4' title="bbox 617 2635 1390 2688">
    <p class='ocr_par' dir='ltr' id='par_1_4' title="bbox 617 2635 1390 2688">
     <span class='ocr_line' id='line_1_24' title="bbox 617 2635 1390 2688; baseline -0.001 -8"><span class='ocrx_word' id='word_1_169' title='bbox 617 2635 643 2688; x_wconf 66' lang='grc' dir='ltr'><strong>Β</strong></span> <span class='ocrx_word' id='word_1_170' title='bbox 674 2638 702 2680; x_wconf 92' lang='grc'>1</span> <span class='ocrx_word' id='word_1_171' title='bbox 739 2637 810 2682; x_wconf 84' lang='lat' dir='ltr'>de</span> <span class='ocrx_word' id='word_1_172' title='bbox 852 2636 1047 2682; x_wconf 85' lang='lat' dir='ltr'>codice</span> <span class='ocrx_word' id='word_1_173' title='bbox 1085 2636 1390 2681; x_wconf 82' lang='lat' dir='ltr'>PuteaneO.</span> 
     </span>
    </p>
   </div>
   <div class='ocr_carea' id='block_1_5' title="bbox 168 2745 1860 2887">
    <p class='ocr_par' dir='ltr' id='par_1_5' title="bbox 168 2745 1860 2887">
     <span class='ocr_line' id='line_1_25' title="bbox 271 2745 1860 2811; baseline -0.002 -16"><span class='ocrx_word' id='word_1_174' title='bbox 271 2748 545 2811; x_wconf 88' lang='lat' dir='ltr'>principem</span> <span class='ocrx_word' id='word_1_175' title='bbox 583 2749 746 2796; x_wconf 90' lang='lat' dir='ltr'>locum</span> <span class='ocrx_word' id='word_1_176' title='bbox 781 2750 915 2797; x_wconf 88' lang='lat' dir='ltr'>inter</span> <span class='ocrx_word' id='word_1_177' title='bbox 944 2749 1249 2797; x_wconf 86' lang='lat' dir='ltr'>Achilleidos</span> <span class='ocrx_word' id='word_1_178' title='bbox 1291 2747 1668 2807; x_wconf 86' lang='lat' dir='ltr'>Thebaidosque</span> <span class='ocrx_word' id='word_1_179' title='bbox 1708 2745 1860 2793; x_wconf 92' lang='lat' dir='ltr'>libros</span> 
     </span>
     <span class='ocr_line' id='line_1_26' title="bbox 168 2825 1860 2887; baseline -0.002 -12"><span class='ocrx_word' id='word_1_180' title='bbox 168 2828 388 2876; x_wconf 89' lang='lat' dir='ltr'>obtinere</span> <span class='ocrx_word' id='word_1_181' title='bbox 439 2827 654 2876; x_wconf 90' lang='lat' dir='ltr'>codicem</span> <span class='ocrx_word' id='word_1_182' title='bbox 694 2828 1000 2877; x_wconf 87' lang='lat' dir='ltr'>Puteaneum</span> <span class='ocrx_word' id='word_1_183' title='bbox 1046 2845 1174 2876; x_wconf 91' lang='lat' dir='ltr'>nunc</span> <span class='ocrx_word' id='word_1_184' title='bbox 1212 2830 1343 2875; x_wconf 89' lang='lat' dir='ltr'>inter</span> <span class='ocrx_word' id='word_1_185' title='bbox 1381 2827 1633 2874; x_wconf 84' lang='lat' dir='ltr'>Parisinae</span> <span class='ocrx_word' id='word_1_186' title='bbox 1670 2825 1860 2887; x_wconf 83' lang='lat' dir='ltr'>byblio-</span> 
     </span>
    </p>
   </div>
  </div>
 </body>
</html>
