<?xml version="1.0" encoding="UTF-8"?>
<!DOCTYPE html PUBLIC "-//W3C//DTD XHTML 1.0 Transitional//EN"
    "http://www.w3.org/TR/xhtml1/DTD/xhtml1-transitional.dtd">
<html xmlns="http://www.w3.org/1999/xhtml" xml:lang="en" lang="en">
 <head>
  <title>
</title>
<meta http-equiv="Content-Type" content="text/html;charset=utf-8" />
  <meta name='ocr-system' content='tesseract 3.04.00' />
  <meta name='ocr-capabilities' content='ocr_page ocr_carea ocr_par ocr_line ocrx_word'/>
</head>
<body>
  <div class='ocr_page' id='page_1' title='image "./ppapinistatiachi00statuoft_0017.png"; bbox 0 0 2014 3138; ppageno 0'>
   <div class='ocr_carea' id='block_1_1' title="bbox 767 89 1854 146">
    <p class='ocr_par' dir='ltr' id='par_1_1' title="bbox 767 89 1854 146">
     <span class='ocr_line' id='line_1_1' title="bbox 767 89 1854 146; baseline 0.003 -14"><span class='ocrx_word' id='word_1_1' title='bbox 767 89 971 134; x_wconf 72' lang='lat' dir='ltr'>Editor-is</span> <span class='ocrx_word' id='word_1_2' title='bbox 1003 90 1247 146; x_wconf 86' lang='lat' dir='ltr'>praefatio.</span> <span class='ocrx_word' id='word_1_3' title='bbox 1790 93 1854 138; x_wconf 91' lang='lat' dir='ltr'>XI</span> 
     </span>
    </p>
   </div>
   <div class='ocr_carea' id='block_1_2' title="bbox 163 226 1853 452">
    <p class='ocr_par' dir='ltr' id='par_1_2' title="bbox 163 226 1853 452">
     <span class='ocr_line' id='line_1_2' title="bbox 163 226 1695 289; baseline 0.003 -14"><span class='ocrx_word' id='word_1_4' title='bbox 163 226 314 276; x_wconf 85' lang='lat' dir='ltr'>Theb.</span> <span class='ocrx_word' id='word_1_5' title='bbox 340 226 392 275; x_wconf 89' lang='lat' dir='ltr'>H</span> <span class='ocrx_word' id='word_1_6' title='bbox 419 228 527 275; x_wconf 84' lang='lat'>434</span> <span class='ocrx_word' id='word_1_7' title='bbox 565 228 759 276; x_wconf 76' lang='lat' dir='ltr'>Pascua</span> <span class='ocrx_word' id='word_1_8' title='bbox 800 229 846 275; x_wconf 67' lang='grc' dir='ltr'><em>ὠ</em></span> <span class='ocrx_word' id='word_1_9' title='bbox 885 229 1100 277; x_wconf 80' lang='lat' dir='ltr'>euboicis</span> <span class='ocrx_word' id='word_1_10' title='bbox 1139 233 1328 278; x_wconf 74' lang='lat' dir='ltr'>artatas</span> <span class='ocrx_word' id='word_1_11' title='bbox 1366 231 1542 289; x_wconf 75' lang='lat' dir='ltr'>fluctib.</span> <span class='ocrx_word' id='word_1_12' title='bbox 1582 245 1695 280; x_wconf 82' lang='lat' dir='ltr'>oras</span> 
     </span>
     <span class='ocr_line' id='line_1_3' title="bbox 415 308 1668 372; baseline 0.003 -17"><span class='ocrx_word' id='word_1_13' title='bbox 415 308 520 356; x_wconf 82' lang='lat'>435</span> <span class='ocrx_word' id='word_1_14' title='bbox 555 308 670 356; x_wconf 70' lang='lat' dir='ltr'>Non</span> <span class='ocrx_word' id='word_1_15' title='bbox 706 308 948 370; x_wconf 70' lang='lat' dir='ltr'>indiynati</span> <span class='ocrx_word' id='word_1_16' title='bbox 985 311 1169 359; x_wconf 61' lang='lat' dir='ltr'>misere-o</span> <span class='ocrx_word' id='word_1_17' title='bbox 1207 311 1385 359; x_wconf 75' lang='lat' dir='ltr'>dixisse</span> <span class='ocrx_word' id='word_1_18' title='bbox 1413 314 1668 372; x_wconf 73' lang='lat' dir='ltr'>parentem</span> 
     </span>
     <span class='ocr_line' id='line_1_4' title="bbox 415 388 1853 452; baseline 0.003 -16"><span class='ocrx_word' id='word_1_19' title='bbox 415 389 519 436; x_wconf 88' lang='grc'>436</span> <span class='ocrx_word' id='word_1_20' title='bbox 557 388 834 448; x_wconf 63' lang='grc' dir='ltr'>ΟεάὁροᾱθΝ</span> <span class='ocrx_word' id='word_1_21' title='bbox 866 390 960 438; x_wconf 86' lang='lat' dir='ltr'>tibi</span> <span class='ocrx_word' id='word_1_22' title='bbox 991 390 1133 451; x_wconf 60' lang='lat' dir='ltr'><em>larga</em></span> <span class='ocrx_word' id='word_1_23' title='bbox 1154 391 1326 452; x_wconf 75' lang='lat' dir='ltr'>pelops</span> <span class='ocrx_word' id='word_1_24' title='bbox 1358 395 1401 441; x_wconf 79' lang='lat' dir='ltr'>ct</span> <span class='ocrx_word' id='word_1_25' title='bbox 1441 392 1656 442; x_wconf 71' lang='lat' dir='ltr'>tantalus</span> <span class='ocrx_word' id='word_1_26' title='bbox 1686 396 1853 442; x_wconf 72' lang='lat' dir='ltr'>auctor</span> 
     </span>
    </p>
   </div>
   <div class='ocr_carea' id='block_1_3' title="bbox 154 483 1853 797">
    <p class='ocr_par' dir='ltr' id='par_1_3' title="bbox 154 483 1853 797">
     <span class='ocr_line' id='line_1_5' title="bbox 159 483 1853 549; baseline 0.003 -18"><span class='ocrx_word' id='word_1_27' title='bbox 159 483 246 532; x_wconf 90' lang='lat' dir='ltr'>ubi</span> <span class='ocrx_word' id='word_1_28' title='bbox 277 499 402 546; x_wconf 90' lang='lat' dir='ltr'>quae</span> <span class='ocrx_word' id='word_1_29' title='bbox 434 486 568 546; x_wconf 84' lang='lat' dir='ltr'>typis</span> <span class='ocrx_word' id='word_1_30' title='bbox 612 487 785 533; x_wconf 85' lang='lat' dir='ltr'>erectis</span> <span class='ocrx_word' id='word_1_31' title='bbox 825 487 1141 548; x_wconf 84' lang='lat' dir='ltr'>exprimenda</span> <span class='ocrx_word' id='word_1_32' title='bbox 1188 489 1379 549; x_wconf 86' lang='lat' dir='ltr'>curavi,</span> <span class='ocrx_word' id='word_1_33' title='bbox 1420 504 1448 535; x_wconf 85' lang='lat' dir='ltr'>a</span> <span class='ocrx_word' id='word_1_34' title='bbox 1488 490 1757 536; x_wconf 87' lang='lat' dir='ltr'>correctore</span> <span class='ocrx_word' id='word_1_35' title='bbox 1787 489 1853 536; x_wconf 59' lang='grc' dir='ltr'>ΡΟ</span> 
     </span>
     <span class='ocr_line' id='line_1_6' title="bbox 156 565 1852 632; baseline 0.003 -20"><span class='ocrx_word' id='word_1_36' title='bbox 156 565 391 626; x_wconf 84' lang='lat' dir='ltr'>suppleta</span> <span class='ocrx_word' id='word_1_37' title='bbox 422 566 549 613; x_wconf 88' lang='lat' dir='ltr'>sunt.</span> <span class='ocrx_word' id='word_1_38' title='bbox 613 567 740 613; x_wconf 89' lang='lat' dir='ltr'>sicut</span> <span class='ocrx_word' id='word_1_39' title='bbox 769 567 850 615; x_wconf 88' lang='lat' dir='ltr'>hic</span> <span class='ocrx_word' id='word_1_40' title='bbox 880 567 1042 615; x_wconf 85' lang='lat' dir='ltr'>medio</span> <span class='ocrx_word' id='word_1_41' title='bbox 1074 582 1220 616; x_wconf 88' lang='lat' dir='ltr'>versu</span> <span class='ocrx_word' id='word_1_42' title='bbox 1251 568 1486 616; x_wconf 84' lang='lat' dir='ltr'>damnum</span> <span class='ocrx_word' id='word_1_43' title='bbox 1515 569 1703 617; x_wconf 87' lang='lat' dir='ltr'>factum</span> <span class='ocrx_word' id='word_1_44' title='bbox 1740 569 1852 632; x_wconf 86' lang='lat' dir='ltr'>fuit,</span> 
     </span>
     <span class='ocr_line' id='line_1_7' title="bbox 157 645 1850 713; baseline 0.002 -21"><span class='ocrx_word' id='word_1_45' title='bbox 157 645 233 693; x_wconf 80' lang='lat' dir='ltr'>ita</span> <span class='ocrx_word' id='word_1_46' title='bbox 285 645 435 693; x_wconf 85' lang='lat' dir='ltr'>Theb.</span> <span class='ocrx_word' id='word_1_47' title='bbox 475 646 554 693; x_wconf 93' lang='lat' dir='ltr'>III</span> <span class='ocrx_word' id='word_1_48' title='bbox 594 648 698 695; x_wconf 83' lang='lat'>217</span> <span class='ocrx_word' id='word_1_49' title='bbox 715 662 784 709; x_wconf 89' lang='lat' dir='ltr'>sq.</span> <span class='ocrx_word' id='word_1_50' title='bbox 839 649 892 695; x_wconf 92' lang='lat' dir='ltr'>in</span> <span class='ocrx_word' id='word_1_51' title='bbox 945 648 1040 696; x_wconf 91' lang='lat' dir='ltr'>fine</span> <span class='ocrx_word' id='word_1_52' title='bbox 1095 648 1339 710; x_wconf 81' lang='lat' dir='ltr'>quaedam</span> <span class='ocrx_word' id='word_1_53' title='bbox 1392 665 1491 697; x_wconf 86' lang='lat' dir='ltr'>non</span> <span class='ocrx_word' id='word_1_54' title='bbox 1544 649 1850 713; x_wconf 84' lang='lat' dir='ltr'>legebantur,</span> 
     </span>
     <span class='ocr_line' id='line_1_8' title="bbox 154 728 1200 797; baseline 0.004 -24"><span class='ocrx_word' id='word_1_55' title='bbox 154 741 284 787; x_wconf 83' lang='lat' dir='ltr'>quae</span> <span class='ocrx_word' id='word_1_56' title='bbox 322 728 504 774; x_wconf 88' lang='lat' dir='ltr'>iterum</span> <span class='ocrx_word' id='word_1_57' title='bbox 543 730 788 776; x_wconf 88' lang='lat' dir='ltr'>corrector</span> <span class='ocrx_word' id='word_1_58' title='bbox 825 730 891 777; x_wconf 80' lang='lat' dir='ltr'>P0</span> <span class='ocrx_word' id='word_1_59' title='bbox 930 730 1200 797; x_wconf 87' lang='lat' dir='ltr'>supplevit:</span> 
     </span>
    </p>
   </div>
   <div class='ocr_carea' id='block_1_4' title="bbox 150 823 1848 1693">
    <p class='ocr_par' dir='ltr' id='par_1_4' title="bbox 150 823 1848 1693">
     <span class='ocr_line' id='line_1_9' title="bbox 336 823 1774 885; baseline 0.002 -16"><span class='ocrx_word' id='word_1_60' title='bbox 336 884 339 885; x_wconf 15' lang='lat'><em>⁷</em></span> <span class='ocrx_word' id='word_1_61' title='bbox 413 824 515 870; x_wconf 84' lang='lat'>217</span> <span class='ocrx_word' id='word_1_62' title='bbox 554 823 674 871; x_wconf 75' lang='lat' dir='ltr'>Tota</span> <span class='ocrx_word' id='word_1_63' title='bbox 713 824 844 871; x_wconf 55' lang='lat' dir='ltr'>refiro</span> <span class='ocrx_word' id='word_1_64' title='bbox 883 838 1061 884; x_wconf 77' lang='lat' dir='ltr'>scracq.</span> <span class='ocrx_word' id='word_1_65' title='bbox 1103 824 1246 872; x_wconf 74' lang='lat' dir='ltr'>decus</span> <span class='ocrx_word' id='word_1_66' title='bbox 1277 825 1388 873; x_wconf 71' lang='lat' dir='ltr'>velit</span> <span class='ocrx_word' id='word_1_67' title='bbox 1417 825 1596 875; x_wconf 82' lang='lat' dir='ltr'><em>addere</em></span> <span class='ocrx_word' id='word_1_68' title='bbox 1626 827 1774 873; x_wconf 81' lang='lat' dir='ltr'>morti</span> 
     </span>
     <span class='ocr_line' id='line_1_10' title="bbox 412 904 1848 973; baseline 0.002 -23"><span class='ocrx_word' id='word_1_69' title='bbox 412 904 515 951; x_wconf 88' lang='grc'>218</span> <span class='ocrx_word' id='word_1_70' title='bbox 549 904 688 952; x_wconf 83' lang='lat' dir='ltr'>Haec</span> <span class='ocrx_word' id='word_1_71' title='bbox 721 907 854 952; x_wconf 74' lang='lat' dir='ltr'>sator</span> <span class='ocrx_word' id='word_1_72' title='bbox 884 908 1049 973; x_wconf 50' lang='lat' dir='ltr'>astro&amp;</span> <span class='ocrx_word' id='word_1_73' title='bbox 1087 906 1375 954; x_wconf 76' lang='lat' dir='ltr'>iamdudum</span> <span class='ocrx_word' id='word_1_74' title='bbox 1407 920 1430 953; x_wconf 86' lang='lat' dir='ltr'>c</span> <span class='ocrx_word' id='word_1_75' title='bbox 1460 907 1628 955; x_wconf 77' lang='lat' dir='ltr'>vertice</span> <span class='ocrx_word' id='word_1_76' title='bbox 1665 906 1848 954; x_wconf 80' lang='lat' dir='ltr'>mundi.</span> 
     </span>
     <span class='ocr_line' id='line_1_11' title="bbox 281 983 1491 1046; baseline 0.002 -15"><span class='ocrx_word' id='word_1_77' title='bbox 281 983 379 1031; x_wconf 91' lang='lat' dir='ltr'>VII</span> <span class='ocrx_word' id='word_1_78' title='bbox 414 985 516 1032; x_wconf 87' lang='lat'>349</span> <span class='ocrx_word' id='word_1_79' title='bbox 533 999 603 1046; x_wconf 87' lang='lat' dir='ltr'>sq.</span> <span class='ocrx_word' id='word_1_80' title='bbox 643 987 695 1032; x_wconf 89' lang='lat' dir='ltr'>in</span> <span class='ocrx_word' id='word_1_81' title='bbox 734 987 877 1034; x_wconf 86' lang='lat' dir='ltr'>initio</span> <span class='ocrx_word' id='word_1_82' title='bbox 916 1001 1084 1034; x_wconf 88' lang='lat' dir='ltr'>versus</span> <span class='ocrx_word' id='word_1_83' title='bbox 1123 987 1289 1034; x_wconf 89' lang='lat' dir='ltr'>mutili</span> <span class='ocrx_word' id='word_1_84' title='bbox 1328 988 1491 1035; x_wconf 86' lang='lat' dir='ltr'>erant:</span> 
     </span>
     <span class='ocr_line' id='line_1_12' title="bbox 411 1064 1776 1127; baseline 0.002 -15"><span class='ocrx_word' id='word_1_85' title='bbox 411 1066 517 1114; x_wconf 85' lang='lat'>349</span> <span class='ocrx_word' id='word_1_86' title='bbox 561 1064 758 1127; x_wconf 85' lang='lat' dir='ltr'>Cephisi</span> <span class='ocrx_word' id='word_1_87' title='bbox 793 1066 998 1127; x_wconf 70' lang='lat' dir='ltr'>ylaciale</span> <span class='ocrx_word' id='word_1_88' title='bbox 1035 1070 1180 1127; x_wconf 74' lang='lat' dir='ltr'>caput</span> <span class='ocrx_word' id='word_1_89' title='bbox 1216 1081 1307 1126; x_wconf 79' lang='lat' dir='ltr'>quo</span> <span class='ocrx_word' id='word_1_90' title='bbox 1345 1067 1514 1116; x_wconf 57' lang='lat' dir='ltr'>scmus</span> <span class='ocrx_word' id='word_1_91' title='bbox 1553 1067 1776 1116; x_wconf 72' lang='lat' dir='ltr'>anhelam</span> 
     </span>
     <span class='ocr_line' id='line_1_13' title="bbox 410 1146 1848 1209; baseline 0.003 -16"><span class='ocrx_word' id='word_1_92' title='bbox 410 1146 517 1194; x_wconf 82' lang='lat'>350</span> <span class='ocrx_word' id='word_1_93' title='bbox 556 1146 710 1194; x_wconf 83' lang='lat' dir='ltr'>Ferre.</span> <span class='ocrx_word' id='word_1_94' title='bbox 743 1149 878 1195; x_wconf 87' lang='lat' dir='ltr'>sitim</span> <span class='ocrx_word' id='word_1_95' title='bbox 914 1148 1100 1208; x_wconf 71' lang='lat' dir='ltr'>python</span> <span class='ocrx_word' id='word_1_96' title='bbox 1138 1162 1420 1209; x_wconf 52' lang='lat' dir='ltr'>amnemque</span> <span class='ocrx_word' id='word_1_97' title='bbox 1457 1152 1670 1197; x_wconf 75' lang='lat' dir='ltr'>avertere</span> <span class='ocrx_word' id='word_1_98' title='bbox 1697 1152 1848 1209; x_wconf 73' lang='lat' dir='ltr'>ponto</span> 
     </span>
     <span class='ocr_line' id='line_1_14' title="bbox 410 1226 1848 1290; baseline 0.003 -16"><span class='ocrx_word' id='word_1_99' title='bbox 410 1227 512 1274; x_wconf 88' lang='lat'>351</span> <span class='ocrx_word' id='word_1_100' title='bbox 556 1226 792 1275; x_wconf 89' lang='lat' dir='ltr'>Omnibus</span> <span class='ocrx_word' id='word_1_101' title='bbox 838 1229 1082 1277; x_wconf 72' lang='lat' dir='ltr'>immixtas</span> <span class='ocrx_word' id='word_1_102' title='bbox 1129 1242 1242 1277; x_wconf 73' lang='lat' dir='ltr'>cono</span> <span class='ocrx_word' id='word_1_103' title='bbox 1280 1243 1426 1289; x_wconf 74' lang='lat' dir='ltr'>super</span> <span class='ocrx_word' id='word_1_104' title='bbox 1465 1231 1623 1290; x_wconf 74' lang='lat' dir='ltr'>aspice</span> <span class='ocrx_word' id='word_1_105' title='bbox 1660 1230 1848 1278; x_wconf 76' lang='lat' dir='ltr'>laurus,</span> 
     </span>
     <span class='ocr_line' id='line_1_15' title="bbox 252 1305 1848 1373; baseline 0.004 -20"><span class='ocrx_word' id='word_1_106' title='bbox 252 1305 376 1354; x_wconf 90' lang='lat' dir='ltr'><strong>VIII</strong></span> <span class='ocrx_word' id='word_1_107' title='bbox 408 1308 512 1354; x_wconf 82' lang='lat'>418</span> <span class='ocrx_word' id='word_1_108' title='bbox 528 1321 598 1369; x_wconf 89' lang='lat' dir='ltr'>sq.</span> <span class='ocrx_word' id='word_1_109' title='bbox 632 1310 875 1356; x_wconf 86' lang='lat' dir='ltr'>corrector</span> <span class='ocrx_word' id='word_1_110' title='bbox 905 1309 1098 1357; x_wconf 86' lang='lat' dir='ltr'>hiantes</span> <span class='ocrx_word' id='word_1_111' title='bbox 1130 1310 1349 1371; x_wconf 84' lang='lat' dir='ltr'>reliquit,</span> <span class='ocrx_word' id='word_1_112' title='bbox 1388 1310 1473 1358; x_wconf 84' lang='lat' dir='ltr'>sed</span> <span class='ocrx_word' id='word_1_113' title='bbox 1503 1311 1848 1373; x_wconf 85' lang='lat' dir='ltr'>supplementa</span> 
     </span>
     <span class='ocr_line' id='line_1_16' title="bbox 150 1384 1159 1456; baseline 0.002 -21"><span class='ocrx_word' id='word_1_114' title='bbox 150 1388 268 1450; x_wconf 88' lang='lat' dir='ltr'>post</span> <span class='ocrx_word' id='word_1_115' title='bbox 299 1403 411 1435; x_wconf 92' lang='lat' dir='ltr'>eum</span> <span class='ocrx_word' id='word_1_116' title='bbox 441 1388 657 1452; x_wconf 84' lang='lat' dir='ltr'>margini</span> <span class='ocrx_word' id='word_1_117' title='bbox 689 1389 938 1452; x_wconf 86' lang='lat' dir='ltr'>adscripta</span> <span class='ocrx_word' id='word_1_118' title='bbox 969 1393 1084 1438; x_wconf 87' lang='lat' dir='ltr'>sunt</span> <span class='ocrx_word' id='word_1_119' title='bbox 1095 1384 1159 1456; x_wconf 80' lang='grc'>1);</span> 
     </span>
     <span class='ocr_line' id='line_1_17' title="bbox 408 1470 1703 1533; baseline 0.004 -18"><span class='ocrx_word' id='word_1_120' title='bbox 408 1470 513 1516; x_wconf 85' lang='grc'>418</span> <span class='ocrx_word' id='word_1_121' title='bbox 556 1507 713 1517; x_wconf 91' lang='grc'><strong>.....</strong></span> <span class='ocrx_word' id='word_1_122' title='bbox 739 1471 1000 1519; x_wconf 77' lang='lat' dir='ltr'>midandac</span> <span class='ocrx_word' id='word_1_123' title='bbox 1037 1485 1136 1519; x_wconf 74' lang='lat' dir='ltr'>non</span> <span class='ocrx_word' id='word_1_124' title='bbox 1172 1486 1276 1520; x_wconf 78' lang='lat' dir='ltr'>wna</span> <span class='ocrx_word' id='word_1_125' title='bbox 1313 1475 1462 1520; x_wconf 77' lang='lat' dir='ltr'>morte</span> <span class='ocrx_word' id='word_1_126' title='bbox 1498 1474 1703 1533; x_wconf 73' lang='lat' dir='ltr'>sayittac</span> 
     </span>
     <span class='ocr_line' id='line_1_18' title="bbox 406 1551 1795 1612; baseline 0.003 -16"><span class='ocrx_word' id='word_1_127' title='bbox 406 1551 511 1598; x_wconf 86' lang='lat'>419</span> <span class='ocrx_word' id='word_1_128' title='bbox 555 1590 564 1599; x_wconf 92' lang='lat'><strong><em>.</em></strong></span> <span class='ocrx_word' id='word_1_129' title='bbox 592 1588 602 1598; x_wconf 90' lang='lat'><strong>.</strong></span> <span class='ocrx_word' id='word_1_130' title='bbox 631 1589 638 1596; x_wconf 96' lang='lat'>.</span> <span class='ocrx_word' id='word_1_131' title='bbox 664 1551 794 1600; x_wconf 74' lang='lat' dir='ltr'>locus</span> <span class='ocrx_word' id='word_1_132' title='bbox 832 1552 898 1599; x_wconf 84' lang='lat' dir='ltr'>ad</span> <span class='ocrx_word' id='word_1_133' title='bbox 936 1555 1067 1600; x_wconf 73' lang='grc' dir='ltr'><em>ΐθννᾶ</em></span> <span class='ocrx_word' id='word_1_134' title='bbox 1104 1551 1208 1600; x_wconf 74' lang='lat' dir='ltr'>telis</span> <span class='ocrx_word' id='word_1_135' title='bbox 1244 1553 1298 1600; x_wconf 71' lang='lat' dir='ltr'>in</span> <span class='ocrx_word' id='word_1_136' title='bbox 1328 1567 1577 1612; x_wconf 57' lang='lat' dir='ltr'>corporea</span> <span class='ocrx_word' id='word_1_137' title='bbox 1607 1554 1795 1612; x_wconf 77' lang='lat' dir='ltr'>ferrum</span> 
     </span>
     <span class='ocr_line' id='line_1_19' title="bbox 408 1632 1805 1693; baseline 0.004 -16"><span class='ocrx_word' id='word_1_138' title='bbox 408 1632 515 1679; x_wconf 82' lang='lat'>420</span> <span class='ocrx_word' id='word_1_139' title='bbox 557 1669 566 1678; x_wconf 94' lang='lat'><strong>.</strong></span> <span class='ocrx_word' id='word_1_140' title='bbox 595 1647 689 1680; x_wconf 75' lang='lat' dir='ltr'>,nc</span> <span class='ocrx_word' id='word_1_141' title='bbox 728 1632 857 1680; x_wconf 75' lang='lat' dir='ltr'>cadit</span> <span class='ocrx_word' id='word_1_142' title='bbox 893 1646 1035 1692; x_wconf 71' lang='lat' dir='ltr'>saepe</span> <span class='ocrx_word' id='word_1_143' title='bbox 1072 1634 1236 1693; x_wconf 71' lang='lat' dir='ltr'>iynari</span> <span class='ocrx_word' id='word_1_144' title='bbox 1257 1634 1549 1693; x_wconf 61' lang='lat' dir='ltr'>perimmetq.</span> <span class='ocrx_word' id='word_1_145' title='bbox 1583 1633 1805 1693; x_wconf 65' lang='lat' dir='ltr'>caobeasntq.</span> 
     </span>
    </p>
   </div>
   <div class='ocr_carea' id='block_1_5' title="bbox 148 1724 1841 2441">
    <p class='ocr_par' dir='ltr' id='par_1_5' title="bbox 148 1724 1841 2441">
     <span class='ocr_line' id='line_1_20' title="bbox 153 1724 1488 1791; baseline 0.004 -20"><span class='ocrx_word' id='word_1_146' title='bbox 153 1724 240 1772; x_wconf 90' lang='lat' dir='ltr'>ubi</span> <span class='ocrx_word' id='word_1_147' title='bbox 277 1726 398 1774; x_wconf 89' lang='lat' dir='ltr'>haec</span> <span class='ocrx_word' id='word_1_148' title='bbox 434 1728 703 1775; x_wconf 77' lang='lat' dir='ltr'>recentiore</span> <span class='ocrx_word' id='word_1_149' title='bbox 744 1730 905 1776; x_wconf 87' lang='lat' dir='ltr'>aetate</span> <span class='ocrx_word' id='word_1_150' title='bbox 944 1728 997 1774; x_wconf 84' lang='lat' dir='ltr'>in</span> <span class='ocrx_word' id='word_1_151' title='bbox 1035 1729 1256 1791; x_wconf 84' lang='lat' dir='ltr'>margine</span> <span class='ocrx_word' id='word_1_152' title='bbox 1297 1728 1488 1776; x_wconf 85' lang='lat' dir='ltr'>addita:</span> 
     </span>
     <span class='ocr_line' id='line_1_21' title="bbox 746 1808 1252 1880; baseline 0.002 -18"><span class='ocrx_word' id='word_1_153' title='bbox 746 1808 844 1880; x_wconf 63' lang='lat'><strong><em>0⁰62)</em></strong></span> <span class='ocrx_word' id='word_1_154' title='bbox 885 1815 1252 1863; x_wconf 73' lang='lat' dir='ltr'>Formidandac</span> 
     </span>
     <span class='ocr_line' id='line_1_22' title="bbox 973 1885 1041 1949; baseline 0 0"><span class='ocrx_word' id='word_1_155' title='bbox 973 1885 1041 1949; x_wconf 57' lang='lat' dir='ltr'>JV*</span> 
     </span>
     <span class='ocr_line' id='line_1_23' title="bbox 947 1975 1063 2023; baseline -0.009 0"><span class='ocrx_word' id='word_1_156' title='bbox 947 1975 1063 2023; x_wconf 85' lang='lat' dir='ltr'>OM</span> 
     </span>
     <span class='ocr_line' id='line_1_24' title="bbox 304 2054 1841 2119; baseline 0.003 -17"><span class='ocrx_word' id='word_1_157' title='bbox 304 2054 375 2102; x_wconf 93' lang='lat' dir='ltr'>IX</span> <span class='ocrx_word' id='word_1_158' title='bbox 411 2056 474 2102; x_wconf 86' lang='grc'>76</span> <span class='ocrx_word' id='word_1_159' title='bbox 495 2070 565 2116; x_wconf 86' lang='lat' dir='ltr'>sq.</span> <span class='ocrx_word' id='word_1_160' title='bbox 610 2056 826 2117; x_wconf 89' lang='lat' dir='ltr'>spatium</span> <span class='ocrx_word' id='word_1_161' title='bbox 874 2057 1130 2118; x_wconf 89' lang='lat' dir='ltr'>aliquanto</span> <span class='ocrx_word' id='word_1_162' title='bbox 1168 2058 1342 2119; x_wconf 88' lang='lat' dir='ltr'>maius,</span> <span class='ocrx_word' id='word_1_163' title='bbox 1390 2073 1500 2105; x_wconf 92' lang='lat' dir='ltr'>cum</span> <span class='ocrx_word' id='word_1_164' title='bbox 1547 2058 1841 2106; x_wconf 72' lang='lat' dir='ltr'>scriberetur</span> 
     </span>
     <span class='ocr_line' id='line_1_25' title="bbox 148 2134 1840 2200; baseline 0.003 -18"><span class='ocrx_word' id='word_1_165' title='bbox 148 2134 317 2196; x_wconf 83' lang='lat' dir='ltr'>codex,</span> <span class='ocrx_word' id='word_1_166' title='bbox 354 2135 584 2183; x_wconf 88' lang='lat' dir='ltr'>relictum</span> <span class='ocrx_word' id='word_1_167' title='bbox 622 2138 709 2199; x_wconf 87' lang='lat' dir='ltr'>est,</span> <span class='ocrx_word' id='word_1_168' title='bbox 750 2137 881 2198; x_wconf 87' lang='lat' dir='ltr'>quod</span> <span class='ocrx_word' id='word_1_169' title='bbox 920 2138 1273 2200; x_wconf 74' lang='lat' dir='ltr'>supplementis</span> <span class='ocrx_word' id='word_1_170' title='bbox 1314 2154 1344 2187; x_wconf 84' lang='lat' dir='ltr'>a</span> <span class='ocrx_word' id='word_1_171' title='bbox 1380 2140 1649 2187; x_wconf 79' lang='lat' dir='ltr'>recentiore</span> <span class='ocrx_word' id='word_1_172' title='bbox 1688 2155 1840 2187; x_wconf 87' lang='lat' dir='ltr'>manu</span> 
     </span>
     <span class='ocr_line' id='line_1_26' title="bbox 152 2214 739 2278; baseline 0.003 -16"><span class='ocrx_word' id='word_1_173' title='bbox 152 2214 333 2264; x_wconf 73' lang='lat' dir='ltr'>additis</span> <span class='ocrx_word' id='word_1_174' title='bbox 372 2217 455 2265; x_wconf 82' lang='lat' dir='ltr'>vix</span> <span class='ocrx_word' id='word_1_175' title='bbox 494 2217 739 2278; x_wconf 80' lang='lat' dir='ltr'>expletur:</span> 
     </span>
     <span class='ocr_line' id='line_1_27' title="bbox 411 2297 1767 2362; baseline 0.003 -18"><span class='ocrx_word' id='word_1_176' title='bbox 411 2299 476 2345; x_wconf 83' lang='lat'>76</span> <span class='ocrx_word' id='word_1_177' title='bbox 517 2297 690 2358; x_wconf 69' lang='lat' dir='ltr'>Sospes</span> <span class='ocrx_word' id='word_1_178' title='bbox 728 2312 808 2358; x_wconf 67' lang='lat' dir='ltr'>eqo</span> <span class='ocrx_word' id='word_1_179' title='bbox 848 2302 1046 2347; x_wconf 76' lang='lat' dir='ltr'>exuerat</span> <span class='ocrx_word' id='word_1_180' title='bbox 1074 2301 1255 2362; x_wconf 86' lang='lat' dir='ltr'>vagina</span> <span class='ocrx_word' id='word_1_181' title='bbox 1284 2299 1510 2349; x_wconf 89' lang='lat' dir='ltr'>turbidus</span> <span class='ocrx_word' id='word_1_182' title='bbox 1611 2314 1767 2348; x_wconf 71' lang='lat' dir='ltr'>ensem</span> 
     </span>
     <span class='ocr_line' id='line_1_28' title="bbox 407 2375 1734 2441; baseline 0.002 -17"><span class='ocrx_word' id='word_1_183' title='bbox 407 2378 471 2424; x_wconf 83' lang='lat'>77</span> <span class='ocrx_word' id='word_1_184' title='bbox 512 2375 772 2438; x_wconf 71' lang='lat' dir='ltr'>Aptabatq.</span> <span class='ocrx_word' id='word_1_185' title='bbox 810 2381 914 2426; x_wconf 63' lang='lat' dir='ltr'>neco·</span> <span class='ocrx_word' id='word_1_186' title='bbox 952 2380 1139 2427; x_wconf 77' lang='lat' dir='ltr'>comites</span> <span class='ocrx_word' id='word_1_187' title='bbox 1175 2382 1376 2428; x_wconf 85' lang='lat' dir='ltr'>tenuere</span> <span class='ocrx_word' id='word_1_188' title='bbox 1562 2395 1734 2441; x_wconf 81' lang='lat' dir='ltr'>socerq.</span> 
     </span>
    </p>
   </div>
   <div class='ocr_carea' id='block_1_6' title="bbox 95 2473 1839 2609">
    <p class='ocr_par' dir='ltr' id='par_1_6' title="bbox 95 2473 1839 2609">
     <span class='ocr_line' id='line_1_29' title="bbox 151 2473 1839 2533; baseline 0.005 -17"><span class='ocrx_word' id='word_1_189' title='bbox 151 2485 251 2518; x_wconf 87' lang='lat' dir='ltr'>non</span> <span class='ocrx_word' id='word_1_190' title='bbox 297 2473 491 2533; x_wconf 80' lang='lat' dir='ltr'>expleta</span> <span class='ocrx_word' id='word_1_191' title='bbox 536 2475 610 2520; x_wconf 91' lang='lat' dir='ltr'>est</span> <span class='ocrx_word' id='word_1_192' title='bbox 655 2474 831 2520; x_wconf 88' lang='lat' dir='ltr'>lacuna</span> <span class='ocrx_word' id='word_1_193' title='bbox 877 2474 929 2521; x_wconf 89' lang='lat' dir='ltr'>in</span> <span class='ocrx_word' id='word_1_194' title='bbox 974 2474 1068 2522; x_wconf 86' lang='lat' dir='ltr'>fine</span> <span class='ocrx_word' id='word_1_195' title='bbox 1108 2491 1274 2523; x_wconf 85' lang='lat' dir='ltr'>versus</span> <span class='ocrx_word' id='word_1_196' title='bbox 1315 2475 1463 2523; x_wconf 84' lang='lat' dir='ltr'>Theb.</span> <span class='ocrx_word' id='word_1_197' title='bbox 1497 2476 1568 2523; x_wconf 91' lang='lat' dir='ltr'>XI</span> <span class='ocrx_word' id='word_1_198' title='bbox 1602 2477 1704 2524; x_wconf 86' lang='lat'>628</span> <span class='ocrx_word' id='word_1_199' title='bbox 1753 2476 1839 2524; x_wconf 86' lang='lat' dir='ltr'>ubi</span> 
     </span>
     <span class='ocr_line' id='line_1_30' title="bbox 95 2549 606 2609; baseline 0.012 -14"><span class='ocrx_word' id='word_1_200' title='bbox 95 2607 98 2609; x_wconf 63' lang='lat'>‚</span> <span class='ocrx_word' id='word_1_201' title='bbox 152 2549 428 2599; x_wconf 85' lang='lat' dir='ltr'>Puteaneus</span> <span class='ocrx_word' id='word_1_202' title='bbox 465 2552 606 2601; x_wconf 84' lang='lat' dir='ltr'>haec:</span> 
     </span>
    </p>
   </div>
   <div class='ocr_carea' id='block_1_7' title="bbox 571 2634 1415 2684">
    <p class='ocr_par' dir='ltr' id='par_1_7' title="bbox 571 2634 1415 2684">
     <span class='ocr_line' id='line_1_31' title="bbox 571 2634 1415 2684; baseline 0.004 -4"><span class='ocrx_word' id='word_1_203' title='bbox 571 2634 751 2682; x_wconf 75' lang='lat' dir='ltr'>Mortis</span> <span class='ocrx_word' id='word_1_204' title='bbox 790 2637 834 2682; x_wconf 77' lang='lat' dir='ltr'>ct</span> <span class='ocrx_word' id='word_1_205' title='bbox 870 2635 1042 2683; x_wconf 77' lang='lat' dir='ltr'>occulte</span> <span class='ocrx_word' id='word_1_206' title='bbox 1080 2635 1224 2683; x_wconf 75' lang='lat' dir='ltr'>tclwm</span> <span class='ocrx_word' id='word_1_207' title='bbox 1261 2636 1315 2683; x_wconf 68' lang='lat' dir='ltr'>m·</span> <span class='ocrx_word' id='word_1_208' title='bbox 1353 2639 1415 2684; x_wconf 72' lang='lat' dir='ltr'>ta.</span> 
     </span>
    </p>
   </div>
   <div class='ocr_carea' id='block_1_8' title="bbox 156 2708 509 2713">
    <p class='ocr_par' dir='ltr' id='par_1_8' title="bbox 156 2708 509 2713">
     <span class='ocr_line' id='line_1_32' title="bbox 156 2708 509 2713; baseline 0 0"><span class='ocrx_word' id='word_1_209' title='bbox 156 2708 509 2713; x_wconf 95' lang='lat' dir='ltr'> </span> 
     </span>
    </p>
   </div>
   <div class='ocr_carea' id='block_1_9' title="bbox 148 2742 1834 2933">
    <p class='ocr_par' dir='ltr' id='par_1_9' title="bbox 148 2742 1834 2933">
     <span class='ocr_line' id='line_1_33' title="bbox 271 2742 1834 2800; baseline 0.004 -16"><span class='ocrx_word' id='word_1_210' title='bbox 271 2744 313 2798; x_wconf 92' lang='lat'>1)</span> <span class='ocrx_word' id='word_1_211' title='bbox 345 2755 512 2798; x_wconf 87' lang='lat' dir='ltr'>parum</span> <span class='ocrx_word' id='word_1_212' title='bbox 542 2742 839 2798; x_wconf 87' lang='lat' dir='ltr'>perspicuum</span> <span class='ocrx_word' id='word_1_213' title='bbox 877 2745 948 2788; x_wconf 85' lang='lat' dir='ltr'>est</span> <span class='ocrx_word' id='word_1_214' title='bbox 978 2745 1103 2800; x_wconf 80' lang='lat' dir='ltr'>quod.</span> <span class='ocrx_word' id='word_1_215' title='bbox 1133 2745 1454 2789; x_wconf 85' lang='lat' dir='ltr'>Kohlmannus</span> <span class='ocrx_word' id='word_1_216' title='bbox 1489 2746 1549 2789; x_wconf 88' lang='lat' dir='ltr'>ad.</span> <span class='ocrx_word' id='word_1_217' title='bbox 1572 2761 1612 2789; x_wconf 86' lang='lat' dir='ltr'>v.</span> <span class='ocrx_word' id='word_1_218' title='bbox 1640 2750 1725 2790; x_wconf 84' lang='lat'>418</span> <span class='ocrx_word' id='word_1_219' title='bbox 1751 2745 1834 2790; x_wconf 85' lang='lat' dir='ltr'>ad-</span> 
     </span>
     <span class='ocr_line' id='line_1_34' title="bbox 148 2807 1526 2856; baseline 0.004 -7"><span class='ocrx_word' id='word_1_220' title='bbox 148 2807 331 2852; x_wconf 82' lang='lat' dir='ltr'>notavit</span> <span class='ocrx_word' id='word_1_221' title='bbox 362 2807 412 2851; x_wconf 90' lang='lat' dir='ltr'>in</span> <span class='ocrx_word' id='word_1_222' title='bbox 442 2808 676 2852; x_wconf 85' lang='lat' dir='ltr'>Puteaneo</span> <span class='ocrx_word' id='word_1_223' title='bbox 710 2809 889 2853; x_wconf 82' lang='lat' dir='ltr'>exstare</span> <span class='ocrx_word' id='word_1_224' title='bbox 920 2811 1526 2856; x_wconf 66' lang='lat' dir='ltr'>Formidandaemida‘ndae.</span> 
     </span>
     <span class='ocr_line' id='line_1_35' title="bbox 271 2873 1163 2933; baseline 0.003 -17"><span class='ocrx_word' id='word_1_225' title='bbox 271 2876 314 2930; x_wconf 79' lang='lat'>2)</span> <span class='ocrx_word' id='word_1_226' title='bbox 346 2873 442 2918; x_wconf 84' lang='lat' dir='ltr'>fere</span> <span class='ocrx_word' id='word_1_227' title='bbox 473 2873 673 2918; x_wconf 87' lang='lat' dir='ltr'>recisum</span> <span class='ocrx_word' id='word_1_228' title='bbox 704 2875 774 2918; x_wconf 86' lang='lat' dir='ltr'>est</span> <span class='ocrx_word' id='word_1_229' title='bbox 806 2889 910 2918; x_wconf 90' lang='lat' dir='ltr'>cum</span> <span class='ocrx_word' id='word_1_230' title='bbox 941 2877 1163 2933; x_wconf 82' lang='lat' dir='ltr'>margine.</span> 
     </span>
    </p>
   </div>
  </div>
 </body>
</html>
