2014 3138
737 94 1131 141 AcfflLLEIDos
1163 95 1211 141 L.
1244 95 1266 137 1
1780 90 1847 144 13

163 236 427 292 fontibus:
465 234 700 287 Eurotae
739 231 911 300 qualis
950 230 1084 283 vada
1122 227 1310 282 Castor
1347 226 1538 281 anhelo
1786 248 1850 280 180

165 326 330 379 intrat
367 341 504 392 equo
541 323 847 388 sessumque
886 318 970 371 sui
1008 318 1161 371 iubar
1199 317 1399 371 excitat
1440 315 1584 368 astri.

165 414 389 467 miratur
426 410 696 478 comitque
734 426 910 476 senex,
947 425 1090 460 nunc
1128 409 1345 475 pectora
1381 405 1621 457 mulcens

166 519 309 555 nunc
346 501 510 553 fortes
548 514 782 550 umeros:
822 498 1026 565 angunt
1065 513 1160 547 sua
1199 493 1392 564 gaudia
1429 494 1667 544 matrem.

166 593 295 643 tunc
331 587 500 640 libare
539 585 699 654 dapes
737 583 1081 651 Baccheaque
1120 600 1339 634 munera
1378 578 1578 632 Chiron

134 689 138 693 ’
169 679 286 730 orat
325 679 377 729 et
416 674 675 728 attonitae
713 672 860 725 varia
898 670 1254 724 oblectamina
1290 671 1506 722 nectens
1790 685 1853 719 185

169 764 316 818 elicit
353 767 590 816 extremo
631 760 822 829 chelyn
860 763 914 812 et
953 759 1180 812 solantia
1218 775 1368 810 curas

170 853 263 906 ffla
300 854 480 905 movet
517 834 825 916 leviterque*
849 850 1091 916 expertas
1130 846 1326 915 pollice
1367 845 1590 898 chordas

172 940 263 994 dat
300 957 481 1009 puero,
558 937 701 990 canit
739 936 829 989 ille
867 935 1038 988 libens
1077 934 1312 987 inmania
1350 932 1569 986 laudum

172 1028 396 1082 semina:
436 1029 568 1095 quot
604 1024 839 1078 tumidae
878 1022 1140 1092 superarit
1177 1023 1321 1075 iussa
1357 1038 1614 1074 novercae

173 1114 696 1184 Amphitryoniades,
736 1113 957 1166 crudum
997 1129 1100 1179 quo
1139 1110 1383 1177 Bebryca
1422 1111 1600 1162 caestu
1795 1126 1859 1159 190

177 1203 413 1257 obruerit
449 1201 660 1270 Pollux,
699 1203 898 1269 quanto
938 1199 1262 1252 circumdata
1298 1216 1439 1250 nexu

174 1292 377 1360 ruperit
415 1288 646 1360 Aegides
684 1288 888 1341 Minoia
925 1286 1174 1340 bracchia
1211 1286 1366 1353 tauri,

176 1383 442 1432 maternos
481 1378 539 1430 in
575 1378 681 1429 fine
719 1380 866 1429 toros
907 1376 1219 1444 superisque
1258 1376 1536 1444 gravatum

176 1467 386 1522 Pelion:
423 1466 514 1519 hic
549 1466 692 1519 victo
731 1465 850 1518 risit
887 1464 1072 1516 Thetis
1111 1463 1269 1515 anxia
1306 1462 1474 1514 vultu

177 1573 287 1608 nox
323 1554 490 1607 trahit
528 1555 586 1606 in
624 1571 855 1621 somnOS‚
894 1570 1020 1605 saxo
1062 1550 1363 1604 conlabitur
1400 1550 1588 1620 ingens
1798 1567 1862 1600 195

181 1641 475 1695 Centaurus
514 1641 845 1708 blandusque
883 1640 1080 1692 umeris
1119 1657 1174 1691 se
1212 1638 1436 1692 innectit
1474 1635 1727 1703 Achilles,

182 1747 504 1798 quamquam
544 1728 620 1781 ibi
658 1728 764 1780 fida
801 1745 1006 1796 parem,
1045 1726 1368 1794 adsuetaque
1399 1728 1615 1793 pectora
1645 1721 1863 1776 mavult.

256 1820 312 1869 at
350 1816 533 1868 Thetis
572 1816 846 1868 undisonis
885 1834 981 1884 per
1018 1816 1228 1867 noctem
1268 1814 1324 1866 in
1360 1813 1584 1881 rupibus
1623 1815 1818 1880 astans,

183 1922 318 1973 quae
355 1905 483 1955 nato
523 1906 726 1956 secreta
762 1902 907 1971 velit,
946 1902 1138 1971 quibus
1178 1902 1370 1954 abdere
1407 1900 1563 1953 terris

186 1992 429 2058 destinet,
464 1990 572 2043 huc
608 1992 737 2043 illuc
775 1991 944 2043 divisa
981 1993 1158 2042 mente
1195 1989 1416 2042 volutat.
1802 2008 1867 2040 200

303 2122 551 2178 Exempla:
608 2124 692 2164 200
734 2120 872 2164 VERG.
913 2120 1028 2163 Aen.
1067 2119 1132 2163 IV
1171 2122 1254 2162 285
1295 2120 1367 2174 (=
1407 2117 1513 2161 VIH
1546 2119 1618 2174 20)
1661 2117 1868 2161 animum

185 2194 308 2225 nunc
337 2181 429 2223 huc
460 2180 669 2233 celerem,
701 2193 823 2222 nunc
855 2178 1023 2222 dividit
1053 2178 1178 2222 illuc.

307 2301 390 2340 180
422 2297 542 2340 vada
573 2310 638 2340 w:
682 2309 801 2352 vaga
832 2301 865 2337 P
1046 2299 1127 2339 181
1160 2294 1425 2350 fessumque
1456 2307 1522 2338 w:
1566 2293 1807 2348 fessusque
1837 2296 1870 2334 P

308 2359 391 2399 185
431 2355 660 2399 attonitae
698 2355 828 2397 varia
874 2354 1185 2398 obiectamina
1232 2352 1562 2409 (oblectamina
1596 2351 1869 2406 Gronovius)

189 2418 243 2456 P:
276 2413 526 2457 attonitam
554 2413 682 2457 vario
714 2413 1022 2456 oblectamine
1050 2426 1096 2456 ω
1185 2413 1375 2455 nectens
1406 2415 1505 2454 PK:
1536 2409 1743 2453 mulcens
1777 2408 1871 2457 (20⁸

189 2472 242 2516 in
271 2485 361 2514 ras.
521 2475 603 2514 187
637 2471 799 2526 cordas
830 2476 863 2513 P
1022 2474 1104 2514 189
1138 2472 1252 2526 quot
1283 2469 1605 2514 Kohlmamms
1635 2469 1709 2525 (cf.
1741 2468 1869 2523 490):

192 2529 317 2584 quod
332 2533 423 2572 PG:
450 2530 572 2586 quo}
594 2531 721 2584 (eras.
748 2529 826 2586 (1.9)
845 2534 898 2577 Q:
925 2536 1005 2587 que
1021 2535 1060 2571 Κ
1146 2530 1385 2584 superaret
1402 2532 1436 2575 Q,
1557 2531 1641 2570 190
1664 2526 1871 2582 Amphy-

101 2591 103 2593 ’
190 2586 415 2631 trionides
440 2590 475 2634 Q,
579 2601 669 2642 quo
693 2593 750 2631 K:
784 2587 909 2644 quod
931 2592 1045 2636 PQc
1189 2590 1272 2629 192
1304 2586 1479 2629 minoia
1508 2585 1635 2629 ΡΣῙι
1668 2583 1872 2641 minoi}

194 2650 285 2694 Qc:
317 2645 436 2689 idem
457 2645 524 2689 vel
546 2646 691 2689 minoi
714 2651 753 2688 Κ
840 2646 932 2689 tari
954 2651 988 2688 P
1109 2650 1193 2688 194
1216 2645 1338 2689 victo
1364 2649 1463 2693 QK:
1496 2644 1655 2688 huicto
1678 2648 1731 2686 P:
1765 2643 1871 2686 ficto

192 2705 245 2747 in
267 2717 357 2748 ras.
383 2703 435 2745 0⁸
557 2707 638 2746 196
672 2717 720 2747 se
750 2704 947 2747 innectit
968 2709 1066 2747 PK:
1099 2704 1297 2748 innectit
1322 2707 1374 2751 Q:
1407 2703 1601 2746 herebat
1625 2702 1676 2745 0⁸
1707 2703 1758 2745 in
1780 2715 1869 2746 ras.

315 2766 397 2805 198
413 2761 652 2804 undisonis
668 2765 811 2809 PQK:
828 2762 1017 2805 undosis
1031 2768 1080 2805 G:
1097 2762 1327 2806 umbrosis
1345 2762 1601 2807 Gronovius
1681 2761 1872 2804 hastans

194 2825 227 2862 P
349 2824 431 2863 199
465 2819 635 2863 addere
666 2820 739 2875 (cf'.
765 2823 856 2864 529
885 2822 950 2864 sic
978 2821 1113 2864 etiam
1137 2823 1182 2876 c)
1212 2820 1319 2864 telis
1344 2825 1376 2862 P
1408 2821 1545 2876 (quod
1575 2820 1629 2863 de
1657 2820 1747 2863 tela
1777 2819 1873 2864 des-

195 2879 376 2924 cendere
406 2883 550 2923 censet
590 2879 818 2935 Vollmer);
850 2892 913 2922 cm
945 2878 1114 2922 abdere
1139 2878 1312 2922 caelis.9
1476 2882 1561 2921 200
1592 2877 1808 2921 Destinat
1840 2882 1875 2925 Q,

1496 3057 1521 3077 lu
