2014 3138
173 96 243 148 12
779 96 828 139 P.
861 97 1066 142 PAPnu
1096 97 1270 142 STATI

166 231 270 284 hac
307 230 546 300 veheret,
585 231 831 284 iuvenem
869 231 1098 286 Alciden
1135 237 1189 287 et
1227 233 1433 287 Thesea
1469 235 1581 288 vidi
1619 266 1692 273 —-

170 319 262 372 sed
299 319 486 372 taceo?
563 320 686 390 figit
724 319 931 390 gelidus
970 320 1202 376 Nereida
1239 322 1434 391 pallor:

168 407 260 460 ille
299 407 480 460 aderat
517 409 688 461 multo
729 410 919 461 sudore
958 413 1013 462 et
1049 410 1269 479 pulvere
1306 411 1493 481 maior,

169 499 224 548 et
260 499 441 548 tamen
479 515 627 549 arma
665 497 804 549 inter
840 498 1228 568 festinatosque
1266 500 1477 552 labores
1798 521 1864 554 160

170 583 340 638 dulcis
380 584 554 638 adhuc
592 585 734 638 visu:
772 585 928 638 niveo
969 590 1120 639 natat
1158 587 1299 658 ignis
1337 588 1394 641 in
1433 605 1524 641 ore

169 691 469 742 purpureus
507 674 764 742 fulvoque
804 675 943 727 nitet
983 693 1135 728 coma
1174 677 1377 747 gratior
1415 694 1559 730 auro,

167 761 395 814 necdum
434 761 608 831 prima
643 780 785 815 nova
821 762 1075 834 lanugine
1113 765 1339 817 vertitur
1377 769 1537 835 actae,

169 849 594 918 tranquillaeque
631 850 773 902 faces
815 851 984 904 oculis
1024 855 1077 904 et
1114 853 1347 921 plurima
1384 854 1538 906 vultu

169 942 340 991 mater
377 939 538 991 inest:
582 939 756 1007 qualis
794 939 959 1008 Lycia
996 944 1220 993 venator
1256 939 1456 1010 Apollo
1799 962 1863 997 1⁶⁵

169 1044 291 1079 cum
330 1027 470 1080 redit
509 1030 561 1079 et
601 1028 772 1080 saevis
811 1032 1082 1096 permutat
1120 1029 1325 1098 plectra
1363 1030 1641 1099 pharetris

168 1115 307 1168 forte
346 1119 399 1168 et
436 1116 608 1168 laetus
647 1117 796 1169 adest
834 1147 907 1154 ——
946 1135 978 1168 o
1020 1120 1278 1185 quantum
1319 1118 1514 1189 gaudia
1549 1119 1753 1172 formae

170 1203 429 1256 adiciunt!
469 1224 563 1257 —:
603 1205 768 1257 fetam
807 1204 1038 1258 Pholoes
1080 1206 1177 1258 sub
1217 1225 1350 1275 rupe
1388 1206 1628 1260 leaenam

169 1293 468 1360 perculerat
506 1293 646 1345 ferro
686 1294 973 1361 vacuisque
1010 1294 1300 1363 reliquerat
1339 1295 1504 1348 antris

170 1380 356 1449 ipsam,
397 1380 488 1433 sed
528 1380 735 1433 catulos
776 1382 1023 1451 adportat
1062 1386 1116 1434 et
1154 1383 1343 1436 incitat
1379 1402 1600 1454 ungues,
1801 1406 1866 1440 170

171 1486 305 1536 quos
345 1472 540 1538 tamen,
578 1472 640 1521 ut
677 1470 785 1522 fido
826 1471 1069 1540 genetrix
1108 1472 1164 1523 in
1201 1471 1387 1523 limine
1425 1472 1541 1524 visa
1579 1475 1673 1542 est,

170 1557 332 1609 abicit
373 1560 756 1626 exceptamque
795 1559 965 1611 avidis
1006 1559 1342 1630 circumligat
1379 1559 1537 1630 1111118,

171 1645 277 1698 iam
318 1646 494 1717 gravis
534 1647 783 1714 amplexu
823 1647 1036 1715 iamque
1075 1666 1276 1716 aequus
1315 1648 1513 1702 vertice
1551 1649 1724 1702 matri.

170 1734 471 1802 insequitur
508 1748 705 1805 magno
746 1735 853 1788 iam
891 1739 1021 1788 tunc
1059 1753 1292 1789 conexus
1332 1754 1511 1790 amore

170 1821 451 1876 Patroclus
490 1823 760 1892 tantisque
800 1825 1102 1877 extenditur
1141 1825 1381 1878 aemulus
1420 1825 1570 1894 acti8‚
1802 1846 1866 1882 1⁷5

173 1929 269 1979 par
308 1912 498 1964 studiis
538 1912 760 1980 aevique
799 1913 988 1983 111οᾶ18,
1028 1911 1119 1965 sed
1155 1913 1348 1966 robore
1386 1912 1563 1983 longe,

173 2003 224 2051 et
263 2002 444 2052 tamen
482 2001 693 2069 aequali
731 2000 942 2054 visurus
981 2000 1242 2071 Pergama
1279 2002 1405 2055 fato.

245 2088 491 2155 protinus
531 2089 622 2141 ille
663 2088 808 2141 subit
846 2090 1034 2158 rapido
1077 2107 1210 2157 quae
1250 2089 1495 2159 proxima
1534 2089 1672 2143 saltu

171 2175 394 2227 flumina
431 2176 805 2244 fumantesque
846 2195 1007 2246 genas
1048 2178 1354 2245 crinemque
1393 2181 1623 2231 novatur

173 2324 527 2331 -.——--——-—-—-

294 2428 374 2466 157
409 2437 585 2468 versum
616 2437 646 2466 a
676 2424 731 2466 Ρι
763 2424 976 2468 omissum
1007 2425 1058 2467 in
1089 2425 1183 2467 ima
1215 2437 1299 2481 my.
1333 2424 1438 2468 add.
1465 2428 1528 2467 ΡΟ.
1577 2425 1867 2470 aberraverat

171 2482 392 2527 librarius
416 2497 446 2526 a
469 2481 694 2525 Thessala
718 2483 779 2526 ad
795 2482 974 2526 Thesea
1058 2482 1320 2526 Adveheret
1336 2487 1365 2525 0
1489 2486 1573 2526 160
1596 2484 1818 2528 Attamen
1836 2489 1865 2527 0

293 2545 377 2583 162
402 2540 664 2597 Porpureus
680 2545 713 2583 Ρ
836 2546 918 2585 166
936 2541 1058 2584 Dum
1075 2546 1103 2583 c
1227 2545 1311 2584 174
1335 2543 1467 2585 tunc:
1494 2555 1617 2586 nunc
1643 2542 1866 2601 Queclct'us

290 2599 384 2642 iam
415 2601 528 2643 tunc
558 2613 728 2657 magno
753 2605 782 2643 0
920 2604 1002 2643 175
1036 2599 1319 2643 extenditur:
1358 2601 1628 2645 accenditur
1659 2601 1863 2646 Bernar-

172 2658 264 2702 tius
446 2663 528 2701 176
561 2660 732 2703 modis:
774 2658 942 2703 animis
976 2659 1209 2703 Baehrens
1241 2662 1364 2704 1879
1387 2673 1437 2715 p.
1465 2662 1523 2703 54
1643 2659 1745 2704 sed:
1777 2672 1864 2704 nec

172 2717 538 2762 Sandstroemius
568 2721 695 2762 1878
710 2732 760 2773 p.
787 2721 847 2762 39
966 2718 1150 2761 robore:
1183 2718 1351 2762 robora
1375 2718 1613 2773 Schrader,
1643 2718 1700 2772 cf.
1731 2715 1860 2763 Theb.

174 2775 223 2818 X
240 2779 332 2820 638
364 2776 447 2820 XI
466 2779 558 2820 432
717 2781 798 2819 177
832 2779 1009 2820 tamen:
1043 2776 1233 2820 tandem
1264 2776 1630 2822 Sandstroemius
1661 2777 1687 2819 l.
1715 2777 1742 2820 l.

173 2832 391 2877 Attamen
426 2840 473 2878 σε
525 2835 613 2879 Sed
652 2838 811 2879 tamen
845 2835 938 2891 (sed
970 2835 1019 2890 ὃς
1059 2837 1110 2879 in
1148 2849 1237 2880 ras.
1265 2836 1544 2892 perspicitwr
1572 2835 1715 2890 fuisse
1744 2836 1802 2891 -t)
1828 2838 1863 2884 Q

294 2897 375 2935 179
402 2893 718 2950 fumantisque
743 2900 770 2937 c
900 2895 1165 2950 crimenque
1190 2899 1225 2942 Q,
1351 2895 1566 2938 novatur:
1599 2892 1787 2937 novavit
1811 2892 1864 2936 θ’
