2014 3138
194 90 363 135 XXXII
799 94 1005 139 Editoris
1035 93 1280 152 praefatio.

195 249 343 280 mum.
421 233 506 281 sed
544 250 605 282 ne
642 234 767 282 falso
809 237 917 296 quis
957 235 1145 284 codices
1183 235 1296 283 illos
1337 237 1498 289 QOK
1536 235 1786 297 aestimet,
1824 234 1884 286 de

195 315 438 378 singulari
486 317 870 378 uniuscuiusque
919 318 1080 379 pretio
1128 316 1371 378 quaedam
1409 316 1587 365 addere
1625 316 1822 366 videtur
1858 333 1884 366 0

194 411 248 443 re
303 410 419 444 esse.
505 399 654 458 atque
706 413 861 444 unum
912 399 1178 460 praemitto
1217 398 1426 462 singulis
1465 414 1523 446 ex
1561 397 1884 448 deterioribus

194 476 341 525 fidem
378 477 654 526 habendam
695 489 797 527 esse
835 479 1038 541 nullam,
1077 479 1176 528 nisi
1215 479 1302 527 ubi
1340 495 1452 528 011111
1481 479 1733 529 Puteaneo
1773 496 1884 530 con-

195 560 401 620 spirant.
480 576 593 607 cum
639 575 755 608 vero
803 559 952 608 codex
999 565 1040 608 G
1086 563 1135 609 et
1180 563 1286 624 ipse
1331 562 1643 626 neglegentia
1692 561 1887 610 librarii

195 642 370 704 gravia
406 641 583 689 menda
620 642 865 704 permulta
905 643 1204 690 contraxerit
1234 645 1285 691 et
1322 643 1616 692 foedissimis
1646 642 1884 692 recentio-

172 737 306 769 ,rum
351 721 816 784 interpolationibus
872 724 938 771 sit
989 725 1241 786 turpatus,
1294 740 1393 772 non
1445 725 1661 773 multum
1713 725 1886 774 auxilii

196 819 308 851 eum
347 803 538 851 adferre
579 805 798 867 apparet.
871 806 1039 852 tamen
1076 805 1158 853 hic
1194 806 1298 853 illic
1337 821 1448 854 011111
1485 805 1734 855 Puteaneo
1773 821 1884 856 con-

196 886 415 934 servavit
454 887 691 949 genuinas
730 883 981 948 lectioneS,
1021 886 1079 934 cf.
1121 902 1159 935 e.
1193 900 1237 950 g.
1269 886 1390 935 Ach.
1422 887 1449 934 Ι
1481 889 1603 950 911,
1639 887 1727 936 ubi
1764 901 1885 937 com-

186 966 328 1027 pellit
364 968 544 1015 nititur
581 969 778 1029 praeter
807 967 1049 1016 Puteanei
1087 967 1238 1016 etiam
1277 967 1499 1016 codicum
1536 968 1797 1018 Etonensis
1836 971 1886 1017 et
1965 972 1969 976 ’

196 1049 528 1097 Bruxellensis
569 1050 876 1098 auctoritate.
937 1050 1240 1112 interpolata
1277 1053 1443 1098 autem
1479 1050 1626 1099 lectio
1663 1052 1718 1098 in
1755 1050 1886 1100 codi-

197 1146 274 1179 ces
308 1134 358 1185 Q,
389 1132 438 1179 et
467 1135 519 1178 Κ
557 1133 852 1194 penetravit,
885 1147 1010 1193 quae
1043 1134 1117 1180 est
1147 1131 1406 1191 compellat.
1469 1132 1699 1180 similiter
1728 1131 1754 1180 I
1782 1132 1885 1182 760

195 1213 249 1259 in
279 1212 490 1261 lectione
521 1216 690 1273 aptum
721 1215 950 1276 congruit
982 1217 1022 1261 C
1055 1229 1165 1261 cum
1196 1213 1468 1262 Puteaneo:
1509 1217 1618 1268 QK
1647 1229 1707 1262 ex
1735 1215 1885 1263 inter-

195 1294 447 1356 polatione
487 1294 717 1342 exhibent
755 1298 932 1355 aptam.

309 1375 367 1423 de
406 1375 570 1424 codice
608 1379 673 1436 K,
713 1378 954 1437 quantum
992 1392 1017 1423 e
1047 1375 1350 1424 Kohlmanni
1389 1378 1634 1439 apparatu
1674 1377 1888 1440 perspici

195 1459 374 1520 potest,
412 1458 533 1505 haec
570 1457 671 1504 fere
717 1472 807 1519 pro
847 1457 992 1505 certis
1039 1457 1401 1506 affirmaverim.
1479 1458 1736 1506 cohaerere
1775 1473 1887 1507 011111

197 1538 413 1600 quodam
460 1538 732 1587 adfinitatis
780 1539 977 1587 vinculo
1026 1554 1135 1585 cum
1182 1538 1321 1587 libris
1367 1542 1466 1594 QG
1513 1539 1633 1588 satis
1681 1541 1887 1602 apparet

196 1621 276 1668 vel
314 1635 495 1684 magna
533 1620 622 1667 illa
660 1621 853 1682 lacuna,
885 1636 1010 1682 quae
1043 1622 1117 1668 est
1150 1621 1280 1668 inter
1310 1635 1478 1669 versus
1509 1620 1535 1668 I
1560 1621 1665 1669 528
1691 1622 1741 1668 et
1766 1621 1886 1669 662.

198 1702 438 1750 accedunt
457 1702 643 1749 multae
667 1702 915 1763 lectioneS,
934 1717 1059 1764 quae
1081 1702 1126 1749 ei
1143 1717 1253 1750 cum
1276 1702 1353 1750 his
1378 1702 1517 1750 libris
1542 1703 1658 1751 sunt
1674 1717 1886 1751 commu-

196 1798 295 1831 nes.
347 1785 514 1830 tamen
538 1782 670 1844 quod
692 1787 744 1830 K
766 1783 899 1831 haud
929 1798 1042 1832 raro
1075 1799 1104 1831 a
1135 1798 1225 1831 sua
1255 1784 1447 1832 familia
1476 1783 1673 1846 recedit,
1703 1783 1888 1846 partim

197 1867 370 1926 aperta
400 1865 783 1927 interpolatione
814 1865 1001 1912 factum
1033 1867 1121 1926 est,
1154 1880 1278 1927 quae
1309 1865 1438 1913 unde
1468 1865 1723 1928 inruperit,
1757 1879 1887 1913 nunc

197 1946 401 2008 quidem
445 1962 544 1994 non
591 1961 729 2007 curo,
774 1947 959 2009 partim
1004 1947 1220 1995 codicem
1258 1946 1564 1995 Puteaneum
1600 1947 1679 1995 vel
1725 1946 1888 2009 ipsum

195 2028 274 2076 vel
315 2028 523 2075 similem
564 2029 667 2076 eius
706 2028 996 2076 mutationis
1036 2043 1207 2077 ansam
1246 2027 1436 2077 dedisse
1474 2027 1738 2076 admodum
1775 2042 1886 2090 pro-

196 2109 359 2156 babile
401 2111 485 2156 est.
563 2110 615 2155 in
654 2108 1118 2170 interpolationibus
1157 2110 1238 2157 hic
1275 2109 1378 2157 illic
1416 2125 1526 2157 cum
1565 2108 1885 2157 deterioribus

196 2190 335 2238 libris
375 2190 517 2250 facit,
565 2190 683 2238 alibi
722 2191 974 2252 propriam
1013 2189 1304 2238 emendandi
1342 2190 1475 2238 viam
1512 2192 1758 2253 ingressus
1798 2190 1883 2238 est.

197 2272 429 2319 videntur
475 2272 625 2319 etiam
671 2271 722 2317 in
769 2271 954 2332 codice,
1001 2270 1129 2319 unde
1175 2273 1273 2319 tres
1312 2271 1389 2318 illi
1438 2270 1553 2318 libri
1600 2273 1759 2325 QcK
1805 2269 1885 2318 de-

198 2352 504 2414 scenderunt,
536 2352 754 2415 duplices
779 2353 1010 2400 lectiones
1035 2353 1283 2401 nonnullis
1307 2353 1425 2400 locis
1452 2351 1681 2400 extitisse.
1737 2353 1886 2414 atque

197 2435 602 2497 interpolatorem
642 2449 752 2481 cum
791 2434 960 2482 multis
999 2435 1106 2481 tum
1145 2434 1220 2481 his
1259 2434 1378 2482 locis
1418 2432 1597 2481 codicis
1627 2436 1679 2481 K
1717 2431 1884 2495 depre-

198 2516 422 2563 hendisse
461 2515 584 2563 mihi
621 2515 810 2563 videor:

310 2597 334 2643 I
369 2599 432 2644 71
475 2613 594 2645 num
630 2601 747 2646 Po:
793 2610 923 2645 wwnc
962 2600 1031 2651 Q:
1077 2595 1214 2644 numi
1251 2600 1319 2644 E:
1366 2593 1401 2643 ἦ
1439 2599 1491 2643 K
1529 2610 1640 2644 cum
1678 2593 1885 2644 deterio-

198 2678 333 2727 ribus
373 2679 524 2726 libris.

311 2760 334 2806 I
378 2761 478 2807 116
537 2760 652 2808 dum
711 2759 882 2808 viridis
941 2763 1118 2814 Pac:
1179 2762 1279 2807 tum
1339 2759 1526 2808 iuvenis
1584 2761 1648 2805 Κ.
1739 2756 1884 2805 facile

202 2843 484 2904 agnoscitur
521 2842 838 2904 interpolatio
877 2842 1063 2889 iuvenis
1100 2855 1189 2903 pro
1230 2841 1442 2905 genuino
1479 2839 1661 2888 viridis,

311 2923 336 2969 I
370 2924 473 2970 348
516 2925 643 2971 timet
679 2918 931 2978 PE0Q1:
970 2922 1125 2971 studet
1163 2915 1293 2977 Q2K
