2014 3138
140 96 228 140 XII
747 95 953 140 Editor-is
982 95 1229 152 praefatio.

252 252 282 283 a
305 236 538 285 lacunoso
560 235 829 299 archetypo
854 230 1160 283 descendisse
1185 234 1492 283 Puteaneum
1515 235 1637 283 satis
1661 234 1838 297 opinor

139 333 198 366 ex
237 319 306 366 018
348 318 520 379 elucet,
570 333 694 379 quae
735 316 894 364 adhuc
933 318 1260 380 exposuimus.
1336 317 1506 364 tamen
1544 318 1587 364 si
1627 317 1736 378 quis
1777 330 1837 364 ex

136 400 245 462 ipso
285 399 374 446 illo
406 399 746 447 vetustissimo
777 397 905 446 libro
939 414 1051 445 eum
1081 398 1435 460 transcriptum
1467 412 1570 446 esse
1602 395 1836 457 censeret,

135 481 452 528 vehementer
497 480 628 528 hunc
682 482 962 527 erraturum
1007 493 1110 527 esse
1158 478 1383 526 arbitror.
1467 493 1585 526 nam
1638 479 1836 526 exstant

134 562 346 625 vestigia
392 577 492 609 non
540 562 661 609 adeo
704 561 885 622 multa,
932 563 1100 608 tamen
1139 562 1349 621 exstant,
1387 559 1565 621 quibus
1604 574 1630 606 e
1667 573 1833 606 recen-

43 656 49 663 ·
133 644 260 692 tiore
292 643 509 706 quodam
540 642 704 691 codice
737 641 1046 690 Puteaneum
1075 641 1271 689 fluxisse
1303 640 1552 702 probetur.
1600 639 1833 688 librarius

138 725 271 787 enim
318 725 438 772 licet
481 725 535 770 in
584 724 885 783 universum,
932 738 1079 784 quem
1125 724 1239 770 ante
1286 737 1337 770 se
1376 721 1592 770 habebat
1636 721 1834 783 librum,

134 807 256 854 satis
288 804 502 853 fideliter
533 804 841 867 expresserit,
878 806 1048 852 tamen
1084 803 1164 850 hic
1202 803 1307 851 11110
1346 803 1631 851 litterarum
1661 802 1833 850 formis

133 901 259 948 quae
300 887 442 934 erant
479 887 533 932 in
573 886 864 948 exemplari,
905 887 958 932 in
998 900 1212 932 errorem
1249 883 1480 932 inductus
1520 886 1594 932 est
1631 884 1712 931 vel
1751 897 1832 932 eas

132 969 235 1015 sive
283 967 507 1016 consulto
555 967 657 1015 sive
705 966 913 1015 fortuito
959 967 1174 1028 repetiit.
1252 981 1350 1027 quo
1396 967 1450 1012 in
1495 979 1701 1012 numero
1740 965 1831 1011 im-

130 1049 302 1110 primis
356 1048 449 1096 hoc
502 1047 784 1095 habendum
838 1050 913 1095 est
960 1047 1091 1109 quod
1135 1047 1332 1095 litterae
1379 1061 1412 1095 a
1458 1048 1509 1094 et
1551 1060 1588 1094 u
1637 1045 1832 1108 saepius

130 1130 263 1177 inter
302 1144 352 1178 se
394 1130 773 1178 commutantur.
852 1128 936 1177 sed
976 1143 1098 1190 opus
1138 1130 1213 1176 est
1252 1143 1310 1175 ex
1349 1126 1599 1175 Thebaide
1638 1141 1831 1188 quoque

133 1210 359 1272 exempla
391 1226 666 1274 congerere,
697 1212 959 1272 propterea
993 1208 1124 1271 quod
1156 1208 1422 1256 admodum
1451 1223 1566 1256 raro
1597 1206 1830 1255 librarius

130 1293 200 1340 810
245 1293 484 1354 peccavit.
568 1292 836 1354 praemitto
885 1292 1052 1338 autem
1106 1290 1440 1352 compluribus
1488 1291 1607 1338 locis
1661 1304 1752 1357 pro
1799 1303 1832 1337 a

129 1374 367 1436 scriptam
414 1387 517 1421 csse
564 1371 691 1420 hanc
737 1372 949 1419 formam
994 1385 1060 1432 w,
1106 1372 1244 1419 velut
1281 1371 1402 1419 Ach.
1434 1370 1460 1418 I
1493 1371 1598 1418 223
1639 1371 1826 1430 sonorw

129 1453 283 1501 Theb.
304 1453 403 1502 VII
429 1454 534 1502 348
569 1454 742 1502 liteczm
774 1447 895 1519 (quo
919 1453 1028 1501 1000
1052 1452 1133 1501 vel
1156 1451 1499 1500 Kohlmannus
1532 1452 1643 1499 -cim
1667 1443 1830 1516 legit),

132 1534 283 1583 Theb.
316 1535 361 1581 X
397 1536 500 1582 724
540 1535 659 1582 istac,
673 1527 714 1600 1)
793 1535 971 1582 erroris
1012 1535 1178 1581 autem
1217 1533 1373 1596 ipsius
1411 1532 1534 1580 haec
1571 1532 1673 1580 fere
1713 1533 1830 1580 sunt

129 1617 374 1678 exempla:

316 1740 466 1788 Theb.
499 1740 550 1788 II
583 1740 690 1788 454
729 1703 905 1788 mzlocros
942 1734 1031 1787 Pl:
1070 1753 1236 1788 muros
1275 1752 1326 1787 ω

205 1811 228 1844 ‘
472 1822 549 1869 III
622 1823 687 1869 79
729 1823 901 1882 flcyuz's
931 1825 997 1868 P:
1020 1820 1255 1882 phlegyas
1288 1819 1401 1881 (vel.
1429 1813 1560 1886 sim.)
1595 1812 1699 1886 (0²)

472 1903 549 1950 III
583 1904 687 1950 343
729 1903 903 1950 saudet
937 1906 1003 1950 P:
1043 1902 1215 1949 suadet
1253 1915 1303 1949 ω

473 1984 550 2031 ΠΙ
585 1985 691 2032 350
733 1988 854 2044 νθραᾶ
892 1987 958 2031 P:
998 1997 1205 2043 acquum
1244 1996 1295 2030 ω

471 2065 544 2112 IV
579 2067 680 2112 241
716 2067 890 2124 patria
927 2068 991 2112 P:
1022 2066 1198 2123 putria
1238 2077 1289 2111 ω

469 2146 541 2192 IV
576 2146 678 2193 386
721 2146 914 2207 lycaryo
952 2149 1018 2193 P:
1057 2145 1251 2206 lycuryo
1291 2157 1342 2191 ω

469 2226 540 2273 IV
575 2227 678 2274 395
711 2227 880 2286 (psam-⁶
918 2229 983 2272 P:
1013 2226 1286 2284 profanam
1325 2238 1375 2271 ω

470 2307 541 2354 IV
576 2307 680 2355 803
721 2305 884 2354 Arcas
921 2309 987 2353 P:
1026 2303 1194 2366 Aryus
1233 2298 1338 2370 013)

244 2500 286 2555 1)
320 2498 463 2542 etiam
494 2498 607 2542 Ach.
640 2497 661 2540 Ι
693 2501 778 2540 519
812 2497 860 2540 in
899 2496 1055 2540 media.
1086 2496 1211 2540 vocis
1251 2495 1445 2550 adfatur
1477 2493 1659 2550 syllaba
1692 2509 1722 2540 a
1753 2494 1821 2539 sic

123 2565 347 2622 scriptum
380 2565 463 2620 est,
495 2565 550 2607 ut
581 2562 732 2607 simile
758 2563 819 2606 sit
849 2563 1035 2606 litterae
1060 2577 1104 2606 u.

242 2633 286 2688 2)
316 2632 475 2674 utrum
507 2632 602 2674 -uzfs
633 2643 694 2673 an
724 2631 819 2674 -ius
842 2628 1040 2672 voluerit
1064 2628 1282 2672 librarius
1307 2627 1382 2671 vix
1405 2627 1518 2671 licet
1542 2627 1816 2671 discernere.

123 2698 324 2742 fortasse
363 2697 463 2754 ipse
505 2695 740 2740 dubitavit
778 2696 826 2738 in
866 2693 1052 2738 nomine
1083 2694 1272 2750 proprio
1303 2707 1471 2750 parum
1502 2694 1628 2748 noto,
1658 2692 1819 2737 verisi-

121 2763 278 2806 milius
311 2764 470 2807 tamen
504 2764 610 2807 -uis.

240 2832 283 2883 3)
308 2830 355 2871 in
382 2828 635 2885 exemplari
660 2830 811 2873 Areus
834 2827 1058 2883 scriptum
1083 2826 1226 2871 fuisse
1250 2826 1501 2883 putaveris,
1525 2825 1650 2868 unde
1674 2821 1815 2868 facile

120 2895 339 2938 librarius
372 2895 528 2951 potuit
560 2895 649 2938 sibi
681 2895 961 2950 persuadere
993 2893 1177 2937 Arcada
1209 2893 1302 2937 dici
1333 2906 1417 2949 pro
1449 2893 1588 2948 Argo.
