<?xml version="1.0" encoding="UTF-8"?>
<!DOCTYPE html PUBLIC "-//W3C//DTD XHTML 1.0 Transitional//EN"
    "http://www.w3.org/TR/xhtml1/DTD/xhtml1-transitional.dtd">
<html xmlns="http://www.w3.org/1999/xhtml" xml:lang="en" lang="en">
 <head>
  <title>
</title>
<meta http-equiv="Content-Type" content="text/html;charset=utf-8" />
  <meta name='ocr-system' content='tesseract 3.04.00' />
  <meta name='ocr-capabilities' content='ocr_page ocr_carea ocr_par ocr_line ocrx_word'/>
</head>
<body>
  <div class='ocr_page' id='page_1' title='image "./ppapinistatiachi00statuoft_0014.png"; bbox 0 0 2014 3138; ppageno 0'>
   <div class='ocr_carea' id='block_1_1' title="bbox 130 52 1218 113">
    <p class='ocr_par' dir='ltr' id='par_1_1' title="bbox 130 52 1218 113">
     <span class='ocr_line' id='line_1_1' title="bbox 130 52 1218 113; baseline 0.002 -15"><span class='ocrx_word' id='word_1_1' title='bbox 130 52 240 98; x_wconf 82' lang='lat' dir='ltr'>Vm</span> <span class='ocrx_word' id='word_1_2' title='bbox 737 54 943 100; x_wconf 76' lang='lat' dir='ltr'>Editoris</span> <span class='ocrx_word' id='word_1_3' title='bbox 973 55 1218 113; x_wconf 88' lang='lat' dir='ltr'>praefatio.</span> 
     </span>
    </p>
   </div>
   <div class='ocr_carea' id='block_1_2' title="bbox 385 193 1604 1883">
    <p class='ocr_par' dir='ltr' id='par_1_2' title="bbox 434 193 891 244">
     <span class='ocr_line' id='line_1_2' title="bbox 434 193 891 244; baseline 0.007 -3"><span class='ocrx_word' id='word_1_4' title='bbox 434 193 461 241; x_wconf 96' lang='lat' dir='ltr'>I</span> <span class='ocrx_word' id='word_1_5' title='bbox 501 195 569 241; x_wconf 86' lang='lat'>34</span> <span class='ocrx_word' id='word_1_6' title='bbox 609 194 677 242; x_wconf 81' lang='lat' dir='ltr'>ad</span> <span class='ocrx_word' id='word_1_7' title='bbox 714 210 806 243; x_wconf 92' lang='lat' dir='ltr'>om.</span> <span class='ocrx_word' id='word_1_8' title='bbox 846 199 891 244; x_wconf 88' lang='lat' dir='ltr'>P</span> 
     </span>
    </p>

    <p class='ocr_par' dir='ltr' id='par_1_3' title="bbox 397 271 1342 406">
     <span class='ocr_line' id='line_1_3' title="bbox 434 271 1342 344; baseline 0.004 -21"><span class='ocrx_word' id='word_1_9' title='bbox 434 276 461 323; x_wconf 99' lang='grc' dir='ltr'>Ι</span> <span class='ocrx_word' id='word_1_10' title='bbox 500 277 569 323; x_wconf 88' lang='grc'>44</span> <span class='ocrx_word' id='word_1_11' title='bbox 609 275 821 324; x_wconf 78' lang='lat' dir='ltr'>Rhoetea</span> <span class='ocrx_word' id='word_1_12' title='bbox 858 279 925 324; x_wconf 98' lang='lat' dir='ltr'>P:</span> <span class='ocrx_word' id='word_1_13' title='bbox 964 276 1199 326; x_wconf 76' lang='lat' dir='ltr'><em>Rhoeteae</em></span> <span class='ocrx_word' id='word_1_14' title='bbox 1237 271 1342 344; x_wconf 70' lang='lat' dir='ltr'>(nl)</span> 
     </span>
     <span class='ocr_line' id='line_1_4' title="bbox 397 357 1126 406; baseline 0.003 -2"><span class='ocrx_word' id='word_1_15' title='bbox 397 357 458 404; x_wconf 84' lang='grc' dir='ltr'>*Ι</span> <span class='ocrx_word' id='word_1_16' title='bbox 498 357 565 405; x_wconf 85' lang='grc'>98</span> <span class='ocrx_word' id='word_1_17' title='bbox 606 359 738 405; x_wconf 76' lang='lat' dir='ltr'>terra</span> <span class='ocrx_word' id='word_1_18' title='bbox 776 361 842 405; x_wconf 87' lang='lat' dir='ltr'>P:</span> <span class='ocrx_word' id='word_1_19' title='bbox 881 361 1037 406; x_wconf 81' lang='lat' dir='ltr'>terras</span> <span class='ocrx_word' id='word_1_20' title='bbox 1075 373 1126 406; x_wconf 89' lang='grc' dir='ltr'>ω</span> 
     </span>
    </p>

    <p class='ocr_par' dir='ltr' id='par_1_4' title="bbox 394 438 1604 569">
     <span class='ocr_line' id='line_1_5' title="bbox 431 438 1604 500; baseline 0.004 -14"><span class='ocrx_word' id='word_1_21' title='bbox 431 438 458 486; x_wconf 91' lang='grc' dir='ltr'>Ι</span> <span class='ocrx_word' id='word_1_22' title='bbox 500 439 603 487; x_wconf 88' lang='grc'>108</span> <span class='ocrx_word' id='word_1_23' title='bbox 643 451 826 498; x_wconf 76' lang='lat' dir='ltr'>rupem</span> <span class='ocrx_word' id='word_1_24' title='bbox 864 441 999 487; x_wconf 80' lang='lat' dir='ltr'>aetas</span> <span class='ocrx_word' id='word_1_25' title='bbox 1036 442 1102 487; x_wconf 88' lang='lat' dir='ltr'>P:</span> <span class='ocrx_word' id='word_1_26' title='bbox 1140 442 1343 500; x_wconf 72' lang='lat' dir='ltr'>ruperat</span> <span class='ocrx_word' id='word_1_27' title='bbox 1378 444 1513 490; x_wconf 77' lang='lat' dir='ltr'>aetas</span> <span class='ocrx_word' id='word_1_28' title='bbox 1551 456 1604 491; x_wconf 88' lang='grc' dir='ltr'>ω</span> 
     </span>
     <span class='ocr_line' id='line_1_6' title="bbox 394 520 1168 569; baseline 0.001 -1"><span class='ocrx_word' id='word_1_29' title='bbox 394 520 456 568; x_wconf 94' lang='grc' dir='ltr'>*Ι</span> <span class='ocrx_word' id='word_1_30' title='bbox 498 521 600 567; x_wconf 83' lang='grc'>127</span> <span class='ocrx_word' id='word_1_31' title='bbox 643 520 772 567; x_wconf 77' lang='lat' dir='ltr'>chiro</span> <span class='ocrx_word' id='word_1_32' title='bbox 809 523 876 568; x_wconf 88' lang='lat' dir='ltr'>P:</span> <span class='ocrx_word' id='word_1_33' title='bbox 915 520 1079 568; x_wconf 72' lang='lat' dir='ltr'>chiron</span> <span class='ocrx_word' id='word_1_34' title='bbox 1117 534 1168 569; x_wconf 87' lang='grc' dir='ltr'>ω</span> 
     </span>
    </p>

    <p class='ocr_par' dir='ltr' id='par_1_5' title="bbox 430 601 1205 662">
     <span class='ocr_line' id='line_1_7' title="bbox 430 601 1205 662; baseline 0.001 -13"><span class='ocrx_word' id='word_1_35' title='bbox 430 601 457 649; x_wconf 95' lang='grc' dir='ltr'>Ι</span> <span class='ocrx_word' id='word_1_36' title='bbox 499 602 601 649; x_wconf 87' lang='grc'>166</span> <span class='ocrx_word' id='word_1_37' title='bbox 633 601 794 660; x_wconf 73' lang='lat' dir='ltr'>plecta</span> <span class='ocrx_word' id='word_1_38' title='bbox 832 604 898 648; x_wconf 87' lang='lat' dir='ltr'>P:</span> <span class='ocrx_word' id='word_1_39' title='bbox 928 601 1115 662; x_wconf 74' lang='lat' dir='ltr'>plectra</span> <span class='ocrx_word' id='word_1_40' title='bbox 1154 616 1205 650; x_wconf 89' lang='grc' dir='ltr'>ω</span> 
     </span>
    </p>

    <p class='ocr_par' dir='ltr' id='par_1_6' title="bbox 429 677 1278 750">
     <span class='ocr_line' id='line_1_8' title="bbox 429 677 1278 750; baseline 0.002 -20"><span class='ocrx_word' id='word_1_41' title='bbox 429 682 455 730; x_wconf 94' lang='grc' dir='ltr'>Ι</span> <span class='ocrx_word' id='word_1_42' title='bbox 496 683 601 730; x_wconf 85' lang='grc'>267</span> <span class='ocrx_word' id='word_1_43' title='bbox 641 681 804 730; x_wconf 75' lang='lat' dir='ltr'>Lusta</span> <span class='ocrx_word' id='word_1_44' title='bbox 840 685 907 731; x_wconf 87' lang='lat' dir='ltr'>P:</span> <span class='ocrx_word' id='word_1_45' title='bbox 944 682 1133 732; x_wconf 77' lang='lat' dir='ltr'><strong><em>Lustra</em></strong></span> <span class='ocrx_word' id='word_1_46' title='bbox 1172 677 1278 750; x_wconf 69' lang='lat'>(02)</span> 
     </span>
    </p>

    <p class='ocr_par' dir='ltr' id='par_1_7' title="bbox 391 763 1322 906">
     <span class='ocr_line' id='line_1_9' title="bbox 427 763 1227 824; baseline 0.003 -13"><span class='ocrx_word' id='word_1_47' title='bbox 427 763 454 811; x_wconf 95' lang='lat' dir='ltr'>I</span> <span class='ocrx_word' id='word_1_48' title='bbox 494 764 599 811; x_wconf 84' lang='lat'>278</span> <span class='ocrx_word' id='word_1_49' title='bbox 642 766 812 823; x_wconf 74' lang='lat' dir='ltr'>tempet</span> <span class='ocrx_word' id='word_1_50' title='bbox 846 765 912 811; x_wconf 90' lang='lat' dir='ltr'>P:</span> <span class='ocrx_word' id='word_1_51' title='bbox 951 765 1139 824; x_wconf 72' lang='lat' dir='ltr'>temptet</span> <span class='ocrx_word' id='word_1_52' title='bbox 1175 778 1227 812; x_wconf 86' lang='grc' dir='ltr'>ω</span> 
     </span>
     <span class='ocr_line' id='line_1_10' title="bbox 391 845 1322 906; baseline 0.003 -14"><span class='ocrx_word' id='word_1_53' title='bbox 391 845 453 892; x_wconf 87' lang='grc' dir='ltr'>*Ι</span> <span class='ocrx_word' id='word_1_54' title='bbox 492 846 597 893; x_wconf 84' lang='grc'>293</span> <span class='ocrx_word' id='word_1_55' title='bbox 637 845 851 906; x_wconf 54' lang='lat' dir='ltr'>nympha</span> <span class='ocrx_word' id='word_1_56' title='bbox 890 848 956 892; x_wconf 89' lang='lat' dir='ltr'>P:</span> <span class='ocrx_word' id='word_1_57' title='bbox 994 846 1232 906; x_wconf 56' lang='lat' dir='ltr'>nymphas</span> <span class='ocrx_word' id='word_1_58' title='bbox 1271 860 1322 894; x_wconf 90' lang='grc' dir='ltr'>ω</span> 
     </span>
    </p>

    <p class='ocr_par' dir='ltr' id='par_1_8' title="bbox 427 919 1110 993">
     <span class='ocr_line' id='line_1_11' title="bbox 427 919 1110 993; baseline 0.001 -20"><span class='ocrx_word' id='word_1_59' title='bbox 427 926 453 973; x_wconf 92' lang='grc' dir='ltr'>Ι</span> <span class='ocrx_word' id='word_1_60' title='bbox 495 927 598 974; x_wconf 85' lang='grc'>376</span> <span class='ocrx_word' id='word_1_61' title='bbox 630 927 842 986; x_wconf 73' lang='lat' dir='ltr'>propius</span> <span class='ocrx_word' id='word_1_62' title='bbox 881 941 974 974; x_wconf 89' lang='lat' dir='ltr'>om.</span> <span class='ocrx_word' id='word_1_63' title='bbox 1013 919 1110 993; x_wconf 78' lang='lat' dir='ltr'>P3)</span> 
     </span>
    </p>

    <p class='ocr_par' dir='ltr' id='par_1_9' title="bbox 425 1001 1250 1069">
     <span class='ocr_line' id='line_1_12' title="bbox 425 1001 1250 1069; baseline 0.001 -14"><span class='ocrx_word' id='word_1_64' title='bbox 425 1007 452 1055; x_wconf 98' lang='grc' dir='ltr'>Ι</span> <span class='ocrx_word' id='word_1_65' title='bbox 491 1008 597 1055; x_wconf 90' lang='grc'>403</span> <span class='ocrx_word' id='word_1_66' title='bbox 637 1021 742 1055; x_wconf 67' lang='lat' dir='ltr'>ema</span> <span class='ocrx_word' id='word_1_67' title='bbox 781 1023 874 1055; x_wconf 92' lang='lat' dir='ltr'>om.</span> <span class='ocrx_word' id='word_1_68' title='bbox 914 1001 995 1069; x_wconf 68' lang='lat' dir='ltr'>Pl,</span> <span class='ocrx_word' id='word_1_69' title='bbox 1036 1007 1146 1056; x_wconf 81' lang='lat' dir='ltr'>add.</span> <span class='ocrx_word' id='word_1_70' title='bbox 1185 1009 1250 1056; x_wconf 85' lang='lat' dir='ltr'>Pr</span> 
     </span>
    </p>

    <p class='ocr_par' dir='ltr' id='par_1_10' title="bbox 425 1082 1284 1138">
     <span class='ocr_line' id='line_1_13' title="bbox 425 1082 1284 1138; baseline 0.002 -2"><span class='ocrx_word' id='word_1_71' title='bbox 425 1088 451 1136; x_wconf 94' lang='lat' dir='ltr'>I</span> <span class='ocrx_word' id='word_1_72' title='bbox 490 1089 597 1136; x_wconf 88' lang='lat'>407</span> <span class='ocrx_word' id='word_1_73' title='bbox 637 1089 764 1136; x_wconf 78' lang='lat' dir='ltr'>istha</span> <span class='ocrx_word' id='word_1_74' title='bbox 801 1082 889 1136; x_wconf 70' lang='lat' dir='ltr'>Pl:</span> <span class='ocrx_word' id='word_1_75' title='bbox 928 1089 1122 1137; x_wconf 76' lang='lat' dir='ltr'><strong><em>isthmia</em></strong></span> <span class='ocrx_word' id='word_1_76' title='bbox 1159 1090 1284 1138; x_wconf 63' lang='lat' dir='ltr'>Pru)</span> 
     </span>
    </p>

    <p class='ocr_par' dir='ltr' id='par_1_11' title="bbox 425 1169 1260 1218">
     <span class='ocr_line' id='line_1_14' title="bbox 425 1169 1260 1218; baseline 0.002 -2"><span class='ocrx_word' id='word_1_77' title='bbox 425 1169 450 1216; x_wconf 94' lang='lat' dir='ltr'>I</span> <span class='ocrx_word' id='word_1_78' title='bbox 490 1170 595 1217; x_wconf 84' lang='lat'>442</span> <span class='ocrx_word' id='word_1_79' title='bbox 638 1172 811 1217; x_wconf 69' lang='lat' dir='ltr'>trama</span> <span class='ocrx_word' id='word_1_80' title='bbox 848 1173 915 1217; x_wconf 89' lang='lat' dir='ltr'>P:</span> <span class='ocrx_word' id='word_1_81' title='bbox 953 1173 1171 1218; x_wconf 72' lang='lat' dir='ltr'>transtra</span> <span class='ocrx_word' id='word_1_82' title='bbox 1210 1184 1260 1218; x_wconf 91' lang='grc' dir='ltr'>ω</span> 
     </span>
    </p>

    <p class='ocr_par' dir='ltr' id='par_1_12' title="bbox 425 1250 1266 1299">
     <span class='ocr_line' id='line_1_15' title="bbox 425 1250 1266 1299; baseline 0 -1"><span class='ocrx_word' id='word_1_83' title='bbox 425 1250 451 1298; x_wconf 95' lang='grc' dir='ltr'>Ι</span> <span class='ocrx_word' id='word_1_84' title='bbox 491 1251 596 1298; x_wconf 87' lang='grc'>476</span> <span class='ocrx_word' id='word_1_85' title='bbox 638 1250 831 1299; x_wconf 76' lang='lat' dir='ltr'>valibus</span> <span class='ocrx_word' id='word_1_86' title='bbox 868 1254 928 1299; x_wconf 85' lang='lat' dir='ltr'>P:</span> <span class='ocrx_word' id='word_1_87' title='bbox 966 1250 1176 1299; x_wconf 74' lang='lat' dir='ltr'>vallibus</span> <span class='ocrx_word' id='word_1_88' title='bbox 1215 1264 1266 1299; x_wconf 88' lang='grc' dir='ltr'>ω</span> 
     </span>
    </p>

    <p class='ocr_par' dir='ltr' id='par_1_13' title="bbox 423 1331 1193 1380">
     <span class='ocr_line' id='line_1_16' title="bbox 423 1331 1193 1380; baseline 0.001 -1"><span class='ocrx_word' id='word_1_89' title='bbox 423 1331 449 1379; x_wconf 93' lang='grc' dir='ltr'>Ι</span> <span class='ocrx_word' id='word_1_90' title='bbox 488 1332 591 1379; x_wconf 86' lang='grc'>481</span> <span class='ocrx_word' id='word_1_91' title='bbox 634 1331 785 1379; x_wconf 77' lang='lat' dir='ltr'><em>Nerei</em></span> <span class='ocrx_word' id='word_1_92' title='bbox 822 1335 887 1380; x_wconf 90' lang='lat' dir='ltr'>P:</span> <span class='ocrx_word' id='word_1_93' title='bbox 930 1331 1104 1380; x_wconf 75' lang='lat' dir='ltr'><em>Nereis</em></span> <span class='ocrx_word' id='word_1_94' title='bbox 1143 1346 1193 1380; x_wconf 88' lang='grc' dir='ltr'>ω</span> 
     </span>
    </p>

    <p class='ocr_par' dir='ltr' id='par_1_14' title="bbox 422 1413 938 1460">
     <span class='ocr_line' id='line_1_17' title="bbox 422 1413 938 1460; baseline -0.002 0"><span class='ocrx_word' id='word_1_95' title='bbox 422 1413 448 1460; x_wconf 96' lang='grc' dir='ltr'>Ι</span> <span class='ocrx_word' id='word_1_96' title='bbox 489 1413 591 1460; x_wconf 87' lang='grc'>551</span> <span class='ocrx_word' id='word_1_97' title='bbox 636 1417 724 1460; x_wconf 74' lang='lat' dir='ltr'>aut</span> <span class='ocrx_word' id='word_1_98' title='bbox 761 1429 853 1460; x_wconf 91' lang='lat' dir='ltr'>om.</span> <span class='ocrx_word' id='word_1_99' title='bbox 893 1416 938 1460; x_wconf 89' lang='lat' dir='ltr'>P</span> 
     </span>
    </p>

    <p class='ocr_par' dir='ltr' id='par_1_15' title="bbox 385 1487 1476 1705">
     <span class='ocr_line' id='line_1_18' title="bbox 421 1487 1476 1561; baseline 0.002 -20"><span class='ocrx_word' id='word_1_100' title='bbox 421 1494 447 1541; x_wconf 97' lang='lat' dir='ltr'>I</span> <span class='ocrx_word' id='word_1_101' title='bbox 489 1495 593 1542; x_wconf 85' lang='lat'>586</span> <span class='ocrx_word' id='word_1_102' title='bbox 634 1494 772 1556; x_wconf 86' lang='lat' dir='ltr'>prius</span> <span class='ocrx_word' id='word_1_103' title='bbox 810 1496 912 1542; x_wconf 76' lang='lat' dir='ltr'>iam</span> <span class='ocrx_word' id='word_1_104' title='bbox 952 1510 1045 1542; x_wconf 87' lang='lat' dir='ltr'>om.</span> <span class='ocrx_word' id='word_1_105' title='bbox 1085 1488 1167 1554; x_wconf 74' lang='lat' dir='ltr'>Pl,</span> <span class='ocrx_word' id='word_1_106' title='bbox 1207 1493 1316 1542; x_wconf 85' lang='lat' dir='ltr'>add.</span> <span class='ocrx_word' id='word_1_107' title='bbox 1356 1487 1476 1561; x_wconf 54' lang='lat' dir='ltr'>PM)</span> 
     </span>
     <span class='ocr_line' id='line_1_19' title="bbox 387 1568 1352 1641; baseline 0.001 -18"><span class='ocrx_word' id='word_1_108' title='bbox 387 1575 449 1623; x_wconf 89' lang='grc' dir='ltr'>*Ι</span> <span class='ocrx_word' id='word_1_109' title='bbox 490 1576 592 1623; x_wconf 87' lang='grc'>591</span> <span class='ocrx_word' id='word_1_110' title='bbox 636 1589 825 1623; x_wconf 80' lang='lat' dir='ltr'>amores</span> <span class='ocrx_word' id='word_1_111' title='bbox 865 1569 932 1641; x_wconf 84' lang='lat' dir='ltr'>(-s</span> <span class='ocrx_word' id='word_1_112' title='bbox 971 1574 1081 1622; x_wconf 87' lang='lat' dir='ltr'>add.</span> <span class='ocrx_word' id='word_1_113' title='bbox 1120 1568 1206 1641; x_wconf 66' lang='lat' dir='ltr'>Pr)</span> <span class='ocrx_word' id='word_1_114' title='bbox 1247 1578 1352 1624; x_wconf 78' lang='lat' dir='ltr'>Pa)</span> 
     </span>
     <span class='ocr_line' id='line_1_20' title="bbox 385 1656 1151 1705; baseline -0.001 -1"><span class='ocrx_word' id='word_1_115' title='bbox 385 1656 447 1704; x_wconf 86' lang='grc' dir='ltr'>*Ι</span> <span class='ocrx_word' id='word_1_116' title='bbox 489 1657 594 1705; x_wconf 87' lang='grc'>594</span> <span class='ocrx_word' id='word_1_117' title='bbox 633 1670 743 1704; x_wconf 83' lang='lat' dir='ltr'>wme</span> <span class='ocrx_word' id='word_1_118' title='bbox 780 1660 846 1704; x_wconf 90' lang='lat' dir='ltr'>P:</span> <span class='ocrx_word' id='word_1_119' title='bbox 884 1657 1060 1704; x_wconf 75' lang='lat' dir='ltr'>mnbra</span> <span class='ocrx_word' id='word_1_120' title='bbox 1099 1669 1151 1703; x_wconf 88' lang='grc' dir='ltr'>ω</span> 
     </span>
    </p>

    <p class='ocr_par' dir='ltr' id='par_1_16' title="bbox 421 1732 1335 1786">
     <span class='ocr_line' id='line_1_21' title="bbox 421 1732 1335 1786; baseline 0 -1"><span class='ocrx_word' id='word_1_121' title='bbox 421 1738 447 1785; x_wconf 91' lang='grc' dir='ltr'>Ι</span> <span class='ocrx_word' id='word_1_122' title='bbox 489 1738 595 1786; x_wconf 88' lang='grc'>604</span> <span class='ocrx_word' id='word_1_123' title='bbox 636 1738 807 1786; x_wconf 78' lang='lat' dir='ltr'>baehia</span> <span class='ocrx_word' id='word_1_124' title='bbox 844 1732 933 1786; x_wconf 69' lang='lat' dir='ltr'>Pl:</span> <span class='ocrx_word' id='word_1_125' title='bbox 974 1738 1173 1786; x_wconf 77' lang='lat' dir='ltr'>brachia</span> <span class='ocrx_word' id='word_1_126' title='bbox 1210 1738 1335 1785; x_wconf 62' lang='lat' dir='ltr'>Pru&gt;</span> 
     </span>
    </p>

    <p class='ocr_par' dir='ltr' id='par_1_17' title="bbox 421 1810 1309 1883">
     <span class='ocr_line' id='line_1_22' title="bbox 421 1810 1309 1883; baseline -0.001 -17"><span class='ocrx_word' id='word_1_127' title='bbox 421 1818 447 1866; x_wconf 95' lang='grc' dir='ltr'>Ι</span> <span class='ocrx_word' id='word_1_128' title='bbox 488 1819 593 1866; x_wconf 84' lang='grc'>635</span> <span class='ocrx_word' id='word_1_129' title='bbox 635 1832 746 1879; x_wconf 76' lang='lat' dir='ltr'><em>-que</em></span> <span class='ocrx_word' id='word_1_130' title='bbox 784 1835 877 1867; x_wconf 89' lang='lat' dir='ltr'>om.</span> <span class='ocrx_word' id='word_1_131' title='bbox 918 1813 1000 1880; x_wconf 75' lang='lat' dir='ltr'>P1,</span> <span class='ocrx_word' id='word_1_132' title='bbox 1041 1818 1149 1867; x_wconf 80' lang='lat' dir='ltr'>add.</span> <span class='ocrx_word' id='word_1_133' title='bbox 1189 1810 1309 1883; x_wconf 51' lang='lat' dir='ltr'>Pa)</span> 
     </span>
    </p>
   </div>
   <div class='ocr_carea' id='block_1_3' title="bbox 110 1928 1817 2901">
    <p class='ocr_par' dir='ltr' id='par_1_18' title="bbox 115 1928 1817 2054">
     <span class='ocr_line' id='line_1_23' title="bbox 236 1928 1817 1986; baseline 0.002 -14"><span class='ocrx_word' id='word_1_134' title='bbox 236 1931 278 1986; x_wconf 92' lang='lat'>1)</span> <span class='ocrx_word' id='word_1_135' title='bbox 311 1930 400 1973; x_wconf 86' lang='lat' dir='ltr'>hac</span> <span class='ocrx_word' id='word_1_136' title='bbox 431 1931 544 1974; x_wconf 87' lang='lat' dir='ltr'>nota</span> <span class='ocrx_word' id='word_1_137' title='bbox 574 1930 862 1986; x_wconf 84' lang='lat' dir='ltr'>reliquorum</span> <span class='ocrx_word' id='word_1_138' title='bbox 894 1928 1108 1974; x_wconf 87' lang='lat' dir='ltr'>codicum</span> <span class='ocrx_word' id='word_1_139' title='bbox 1131 1928 1205 1973; x_wconf 91' lang='lat' dir='ltr'>vel</span> <span class='ocrx_word' id='word_1_140' title='bbox 1237 1929 1445 1973; x_wconf 88' lang='lat' dir='ltr'>omnium</span> <span class='ocrx_word' id='word_1_141' title='bbox 1467 1928 1542 1973; x_wconf 88' lang='lat' dir='ltr'>vel</span> <span class='ocrx_word' id='word_1_142' title='bbox 1571 1929 1817 1975; x_wconf 89' lang='lat' dir='ltr'>meliorum</span> 
     </span>
     <span class='ocr_line' id='line_1_24' title="bbox 115 1995 943 2054; baseline -0.002 -14"><span class='ocrx_word' id='word_1_143' title='bbox 115 2008 170 2040; x_wconf 89' lang='lat' dir='ltr'>ex</span> <span class='ocrx_word' id='word_1_144' title='bbox 206 1995 273 2040; x_wconf 82' lang='lat' dir='ltr'>eis</span> <span class='ocrx_word' id='word_1_145' title='bbox 304 1997 581 2040; x_wconf 76' lang='lat' dir='ltr'>concentum</span> <span class='ocrx_word' id='word_1_146' title='bbox 613 1996 943 2054; x_wconf 80' lang='lat' dir='ltr'>significamus.</span> 
     </span>
    </p>

    <p class='ocr_par' dir='ltr' id='par_1_19' title="bbox 112 2060 1816 2250">
     <span class='ocr_line' id='line_1_25' title="bbox 234 2060 1814 2119; baseline 0.001 -14"><span class='ocrx_word' id='word_1_147' title='bbox 234 2064 277 2119; x_wconf 83' lang='lat'>2)</span> <span class='ocrx_word' id='word_1_148' title='bbox 309 2062 438 2106; x_wconf 90' lang='lat' dir='ltr'>nolui</span> <span class='ocrx_word' id='word_1_149' title='bbox 470 2063 541 2106; x_wconf 89' lang='lat' dir='ltr'>uti</span> <span class='ocrx_word' id='word_1_150' title='bbox 566 2077 699 2107; x_wconf 83' lang='lat' dir='ltr'>versu</span> <span class='ocrx_word' id='word_1_151' title='bbox 723 2067 806 2106; x_wconf 82' lang='lat'>192</span> <span class='ocrx_word' id='word_1_152' title='bbox 838 2061 921 2105; x_wconf 92' lang='lat' dir='ltr'>ubi</span> <span class='ocrx_word' id='word_1_153' title='bbox 953 2062 1046 2106; x_wconf 82' lang='lat' dir='ltr'>tari</span> <span class='ocrx_word' id='word_1_154' title='bbox 1077 2062 1230 2105; x_wconf 82' lang='lat' dir='ltr'>exstat</span> <span class='ocrx_word' id='word_1_155' title='bbox 1259 2075 1343 2118; x_wconf 90' lang='lat' dir='ltr'>pro</span> <span class='ocrx_word' id='word_1_156' title='bbox 1375 2063 1504 2107; x_wconf 76' lang='lat' dir='ltr'>tauri</span> <span class='ocrx_word' id='word_1_157' title='bbox 1534 2075 1639 2107; x_wconf 90' lang='lat' dir='ltr'>cum</span> <span class='ocrx_word' id='word_1_158' title='bbox 1671 2060 1814 2107; x_wconf 83' lang='lat' dir='ltr'>simili</span> 
     </span>
     <span class='ocr_line' id='line_1_26' title="bbox 114 2126 1816 2184; baseline 0.001 -14"><span class='ocrx_word' id='word_1_159' title='bbox 114 2139 267 2171; x_wconf 90' lang='lat' dir='ltr'>errore</span> <span class='ocrx_word' id='word_1_160' title='bbox 306 2126 493 2183; x_wconf 84' lang='lat' dir='ltr'>legatur</span> <span class='ocrx_word' id='word_1_161' title='bbox 524 2127 667 2171; x_wconf 82' lang='lat' dir='ltr'><em>Theb.</em></span> <span class='ocrx_word' id='word_1_162' title='bbox 701 2128 764 2170; x_wconf 90' lang='grc' dir='ltr'>ΠΙ</span> <span class='ocrx_word' id='word_1_163' title='bbox 796 2133 882 2171; x_wconf 89' lang='grc'>398</span> <span class='ocrx_word' id='word_1_164' title='bbox 922 2128 1171 2184; x_wconf 58' lang='grc' dir='ltr'>ερίάαήαε.</span> <span class='ocrx_word' id='word_1_165' title='bbox 1237 2126 1293 2170; x_wconf 86' lang='lat' dir='ltr'>cf.</span> <span class='ocrx_word' id='word_1_166' title='bbox 1329 2127 1621 2172; x_wconf 75' lang='lat' dir='ltr'><strong>Schuchardt</strong></span> <span class='ocrx_word' id='word_1_167' title='bbox 1658 2127 1816 2172; x_wconf 88' lang='lat' dir='ltr'>Voka-</span> 
     </span>
     <span class='ocr_line' id='line_1_27' title="bbox 112 2192 1087 2250; baseline 0 -14"><span class='ocrx_word' id='word_1_168' title='bbox 112 2193 277 2236; x_wconf 81' lang='lat' dir='ltr'>lismus</span> <span class='ocrx_word' id='word_1_169' title='bbox 310 2192 391 2236; x_wconf 83' lang='lat' dir='ltr'>des</span> <span class='ocrx_word' id='word_1_170' title='bbox 423 2192 788 2250; x_wconf 63' lang='lat' dir='ltr'>Vulgarlateins‚</span> <span class='ocrx_word' id='word_1_171' title='bbox 844 2193 886 2236; x_wconf 91' lang='grc' dir='ltr'>Π</span> <span class='ocrx_word' id='word_1_172' title='bbox 916 2209 960 2250; x_wconf 90' lang='lat' dir='ltr'>p.</span> <span class='ocrx_word' id='word_1_173' title='bbox 988 2198 1087 2237; x_wconf 84' lang='lat'><strong>306.</strong></span> 
     </span>
    </p>

    <p class='ocr_par' dir='ltr' id='par_1_20' title="bbox 112 2257 1814 2580">
     <span class='ocr_line' id='line_1_28' title="bbox 234 2257 1814 2317; baseline 0.001 -14"><span class='ocrx_word' id='word_1_174' title='bbox 234 2261 276 2315; x_wconf 90' lang='lat'>3)</span> <span class='ocrx_word' id='word_1_175' title='bbox 316 2258 406 2303; x_wconf 90' lang='lat' dir='ltr'>hoc</span> <span class='ocrx_word' id='word_1_176' title='bbox 445 2259 586 2303; x_wconf 84' lang='lat' dir='ltr'>facile</span> <span class='ocrx_word' id='word_1_177' title='bbox 626 2260 781 2303; x_wconf 82' lang='lat' dir='ltr'>omitti</span> <span class='ocrx_word' id='word_1_178' title='bbox 819 2273 956 2316; x_wconf 78' lang='lat' dir='ltr'>posse</span> <span class='ocrx_word' id='word_1_179' title='bbox 996 2260 1104 2303; x_wconf 88' lang='lat' dir='ltr'>ante</span> <span class='ocrx_word' id='word_1_180' title='bbox 1137 2260 1420 2316; x_wconf 75' lang='lat' dir='ltr'>propiusque</span> <span class='ocrx_word' id='word_1_181' title='bbox 1457 2257 1534 2303; x_wconf 82' lang='lat' dir='ltr'>vix</span> <span class='ocrx_word' id='word_1_182' title='bbox 1573 2260 1644 2304; x_wconf 87' lang='lat' dir='ltr'>est</span> <span class='ocrx_word' id='word_1_183' title='bbox 1687 2260 1814 2317; x_wconf 84' lang='lat' dir='ltr'>quod</span> 
     </span>
     <span class='ocr_line' id='line_1_29' title="bbox 113 2323 1813 2383; baseline 0.001 -14"><span class='ocrx_word' id='word_1_184' title='bbox 113 2325 345 2370; x_wconf 85' lang='lat' dir='ltr'>adnotem.</span> <span class='ocrx_word' id='word_1_185' title='bbox 395 2326 537 2382; x_wconf 86' lang='lat' dir='ltr'>atque</span> <span class='ocrx_word' id='word_1_186' title='bbox 568 2326 803 2370; x_wconf 84' lang='lat' dir='ltr'>omittitur</span> <span class='ocrx_word' id='word_1_187' title='bbox 835 2326 978 2370; x_wconf 86' lang='lat' dir='ltr'>etiam</span> <span class='ocrx_word' id='word_1_188' title='bbox 1009 2325 1059 2369; x_wconf 89' lang='lat' dir='ltr'>in</span> <span class='ocrx_word' id='word_1_189' title='bbox 1091 2325 1250 2369; x_wconf 75' lang='lat' dir='ltr'>codice</span> <span class='ocrx_word' id='word_1_190' title='bbox 1283 2323 1496 2369; x_wconf 86' lang='lat' dir='ltr'>Gudiano</span> <span class='ocrx_word' id='word_1_191' title='bbox 1522 2330 1578 2369; x_wconf 84' lang='lat'>54</span> <span class='ocrx_word' id='word_1_192' title='bbox 1602 2331 1641 2369; x_wconf 77' lang='lat' dir='ltr'><strong><em>K</em></strong></span> <span class='ocrx_word' id='word_1_193' title='bbox 1661 2327 1734 2383; x_wconf 92' lang='lat'>(=</span> <span class='ocrx_word' id='word_1_194' title='bbox 1754 2327 1813 2370; x_wconf 68' lang='grc' dir='ltr'>α’</span> 
     </span>
     <span class='ocr_line' id='line_1_30' title="bbox 112 2390 1812 2450; baseline 0.001 -15"><span class='ocrx_word' id='word_1_195' title='bbox 112 2390 240 2447; x_wconf 88' lang='lat' dir='ltr'>apud</span> <span class='ocrx_word' id='word_1_196' title='bbox 277 2390 655 2450; x_wconf 77' lang='lat' dir='ltr'>Kohlmannum).</span> <span class='ocrx_word' id='word_1_197' title='bbox 728 2393 853 2448; x_wconf 85' lang='lat' dir='ltr'>quod</span> <span class='ocrx_word' id='word_1_198' title='bbox 890 2406 997 2437; x_wconf 88' lang='lat' dir='ltr'>vero</span> <span class='ocrx_word' id='word_1_199' title='bbox 1045 2391 1209 2436; x_wconf 87' lang='lat' dir='ltr'>eadem</span> <span class='ocrx_word' id='word_1_200' title='bbox 1247 2404 1335 2435; x_wconf 84' lang='lat' dir='ltr'>vox</span> <span class='ocrx_word' id='word_1_201' title='bbox 1379 2391 1429 2435; x_wconf 86' lang='lat' dir='ltr'>in</span> <span class='ocrx_word' id='word_1_202' title='bbox 1474 2391 1812 2437; x_wconf 79' lang='lat' dir='ltr'>recentioribus</span> 
     </span>
     <span class='ocr_line' id='line_1_31' title="bbox 112 2457 1811 2513; baseline 0.002 -13"><span class='ocrx_word' id='word_1_203' title='bbox 112 2457 394 2513; x_wconf 80' lang='lat' dir='ltr'>quibusdam</span> <span class='ocrx_word' id='word_1_204' title='bbox 417 2457 551 2501; x_wconf 83' lang='lat' dir='ltr'>libris</span> <span class='ocrx_word' id='word_1_205' title='bbox 576 2457 704 2502; x_wconf 89' lang='lat' dir='ltr'>velut</span> <span class='ocrx_word' id='word_1_206' title='bbox 727 2458 995 2502; x_wconf 82' lang='lat' dir='ltr'>Monacensi</span> <span class='ocrx_word' id='word_1_207' title='bbox 1026 2463 1081 2502; x_wconf 85' lang='lat'>14</span> <span class='ocrx_word' id='word_1_208' title='bbox 1095 2462 1179 2503; x_wconf 82' lang='lat'>557</span> <span class='ocrx_word' id='word_1_209' title='bbox 1204 2457 1571 2503; x_wconf 78' lang='lat' dir='ltr'>Helmstadiensi</span> <span class='ocrx_word' id='word_1_210' title='bbox 1596 2457 1811 2503; x_wconf 82' lang='lat' dir='ltr'>Gudiano</span> 
     </span>
     <span class='ocr_line' id='line_1_32' title="bbox 113 2523 1334 2580; baseline 0.001 -14"><span class='ocrx_word' id='word_1_211' title='bbox 113 2528 168 2567; x_wconf 83' lang='lat'>52</span> <span class='ocrx_word' id='word_1_212' title='bbox 201 2537 294 2567; x_wconf 90' lang='lat' dir='ltr'>non</span> <span class='ocrx_word' id='word_1_213' title='bbox 326 2523 512 2580; x_wconf 83' lang='lat' dir='ltr'>legitur,</span> <span class='ocrx_word' id='word_1_214' title='bbox 546 2524 743 2569; x_wconf 81' lang='lat' dir='ltr'>fortasse</span> <span class='ocrx_word' id='word_1_215' title='bbox 775 2539 867 2569; x_wconf 90' lang='lat' dir='ltr'>non</span> <span class='ocrx_word' id='word_1_216' title='bbox 900 2538 1011 2568; x_wconf 81' lang='lat' dir='ltr'>casu</span> <span class='ocrx_word' id='word_1_217' title='bbox 1042 2524 1219 2568; x_wconf 88' lang='lat' dir='ltr'>factum</span> <span class='ocrx_word' id='word_1_218' title='bbox 1252 2525 1334 2569; x_wconf 81' lang='lat' dir='ltr'>est.</span> 
     </span>
    </p>

    <p class='ocr_par' dir='ltr' id='par_1_21' title="bbox 235 2589 1724 2647">
     <span class='ocr_line' id='line_1_33' title="bbox 235 2589 1724 2647; baseline 0.002 -15"><span class='ocrx_word' id='word_1_219' title='bbox 235 2593 278 2646; x_wconf 88' lang='grc'>4)</span> <span class='ocrx_word' id='word_1_220' title='bbox 312 2589 369 2634; x_wconf 91' lang='grc'>(10</span> <span class='ocrx_word' id='word_1_221' title='bbox 401 2590 489 2635; x_wconf 91' lang='lat' dir='ltr'>hoc</span> <span class='ocrx_word' id='word_1_222' title='bbox 521 2591 623 2636; x_wconf 92' lang='lat' dir='ltr'>loco</span> <span class='ocrx_word' id='word_1_223' title='bbox 656 2591 782 2635; x_wconf 86' lang='lat' dir='ltr'>idem</span> <span class='ocrx_word' id='word_1_224' title='bbox 812 2590 938 2635; x_wconf 90' lang='lat' dir='ltr'>valet</span> <span class='ocrx_word' id='word_1_225' title='bbox 970 2591 1094 2647; x_wconf 88' lang='lat' dir='ltr'>quod</span> <span class='ocrx_word' id='word_1_226' title='bbox 1125 2590 1262 2635; x_wconf 90' lang='lat' dir='ltr'>modo</span> <span class='ocrx_word' id='word_1_227' title='bbox 1296 2590 1354 2635; x_wconf 92' lang='lat' dir='ltr'>de</span> <span class='ocrx_word' id='word_1_228' title='bbox 1385 2605 1425 2634; x_wconf 85' lang='lat' dir='ltr'>v.</span> <span class='ocrx_word' id='word_1_229' title='bbox 1451 2590 1472 2634; x_wconf 98' lang='grc' dir='ltr'>Ι</span> <span class='ocrx_word' id='word_1_230' title='bbox 1497 2595 1583 2636; x_wconf 82' lang='grc'>376</span> <span class='ocrx_word' id='word_1_231' title='bbox 1615 2591 1724 2636; x_wconf 82' lang='lat' dir='ltr'><strong>dixi.</strong></span> 
     </span>
    </p>

    <p class='ocr_par' dir='ltr' id='par_1_22' title="bbox 110 2657 1811 2901">
     <span class='ocr_line' id='line_1_34' title="bbox 231 2657 1810 2716; baseline 0.001 -17"><span class='ocrx_word' id='word_1_232' title='bbox 231 2660 274 2713; x_wconf 84' lang='lat'>5)</span> <span class='ocrx_word' id='word_1_233' title='bbox 308 2670 593 2713; x_wconf 89' lang='lat' dir='ltr'>quamquam</span> <span class='ocrx_word' id='word_1_234' title='bbox 641 2672 744 2716; x_wconf 76' lang='lat' dir='ltr'><em>-que</em></span> <span class='ocrx_word' id='word_1_235' title='bbox 790 2657 1000 2701; x_wconf 77' lang='lat' dir='ltr'>abundat</span> <span class='ocrx_word' id='word_1_236' title='bbox 1044 2657 1065 2700; x_wconf 96' lang='lat' dir='ltr'>I</span> <span class='ocrx_word' id='word_1_237' title='bbox 1105 2662 1189 2701; x_wconf 85' lang='grc'>673</span> <span class='ocrx_word' id='word_1_238' title='bbox 1230 2657 1480 2714; x_wconf 75' lang='lat' dir='ltr'><em>plenisque.</em></span> <span class='ocrx_word' id='word_1_239' title='bbox 1549 2657 1674 2702; x_wconf 84' lang='lat' dir='ltr'>unde</span> <span class='ocrx_word' id='word_1_240' title='bbox 1719 2658 1810 2702; x_wconf 90' lang='grc' dir='ltr'>11οο</span> 
     </span>
     <span class='ocr_line' id='line_1_35' title="bbox 110 2722 1811 2780; baseline 0.001 -16"><span class='ocrx_word' id='word_1_241' title='bbox 110 2722 437 2779; x_wconf 79' lang='lat' dir='ltr'>neglegentiae</span> <span class='ocrx_word' id='word_1_242' title='bbox 468 2724 631 2768; x_wconf 78' lang='lat' dir='ltr'>librari</span> <span class='ocrx_word' id='word_1_243' title='bbox 655 2724 887 2768; x_wconf 72' lang='lat' dir='ltr'>tribueriS.</span> <span class='ocrx_word' id='word_1_244' title='bbox 936 2724 1050 2768; x_wconf 87' lang='lat' dir='ltr'>item</span> <span class='ocrx_word' id='word_1_245' title='bbox 1074 2723 1199 2779; x_wconf 89' lang='lat' dir='ltr'>quod</span> <span class='ocrx_word' id='word_1_246' title='bbox 1222 2723 1244 2766; x_wconf 96' lang='lat' dir='ltr'>I</span> <span class='ocrx_word' id='word_1_247' title='bbox 1267 2728 1353 2768; x_wconf 89' lang='grc'><strong>860</strong></span> <span class='ocrx_word' id='word_1_248' title='bbox 1378 2724 1606 2769; x_wconf 73' lang='lat' dir='ltr'>nisiussus</span> <span class='ocrx_word' id='word_1_249' title='bbox 1635 2723 1811 2780; x_wconf 81' lang='lat' dir='ltr'>legitur</span> 
     </span>
     <span class='ocr_line' id='line_1_36' title="bbox 110 2789 1808 2847; baseline 0.002 -18"><span class='ocrx_word' id='word_1_250' title='bbox 110 2802 193 2843; x_wconf 87' lang='lat' dir='ltr'>pro</span> <span class='ocrx_word' id='word_1_251' title='bbox 232 2790 327 2832; x_wconf 68' lang='lat' dir='ltr'>‘nisi</span> <span class='ocrx_word' id='word_1_252' title='bbox 363 2791 517 2835; x_wconf 78' lang='lat' dir='ltr'>iussus</span> <span class='ocrx_word' id='word_1_253' title='bbox 547 2791 622 2834; x_wconf 83' lang='lat' dir='ltr'>vix</span> <span class='ocrx_word' id='word_1_254' title='bbox 662 2791 722 2835; x_wconf 88' lang='lat' dir='ltr'>ad</span> <span class='ocrx_word' id='word_1_255' title='bbox 755 2791 998 2847; x_wconf 84' lang='lat' dir='ltr'>archetypi</span> <span class='ocrx_word' id='word_1_256' title='bbox 1037 2790 1275 2845; x_wconf 89' lang='lat' dir='ltr'>lacunam,</span> <span class='ocrx_word' id='word_1_257' title='bbox 1317 2790 1398 2834; x_wconf 83' lang='lat' dir='ltr'>sed</span> <span class='ocrx_word' id='word_1_258' title='bbox 1437 2790 1497 2834; x_wconf 84' lang='lat' dir='ltr'>ad.</span> <span class='ocrx_word' id='word_1_259' title='bbox 1529 2789 1808 2846; x_wconf 81' lang='lat' dir='ltr'>scripturam</span> 
     </span>
     <span class='ocr_line' id='line_1_37' title="bbox 111 2853 737 2901; baseline 0.006 -6"><span class='ocrx_word' id='word_1_260' title='bbox 111 2853 379 2897; x_wconf 85' lang='lat' dir='ltr'>continuam</span> <span class='ocrx_word' id='word_1_261' title='bbox 412 2857 582 2901; x_wconf 87' lang='lat' dir='ltr'>referre</span> <span class='ocrx_word' id='word_1_262' title='bbox 614 2857 737 2901; x_wconf 89' lang='lat' dir='ltr'>licet.</span> 
     </span>
    </p>
   </div>
   <div class='ocr_carea' id='block_1_4' title="bbox 120 1896 360 1903">
    <p class='ocr_par' dir='ltr' id='par_1_23' title="bbox 120 1896 360 1903">
     <span class='ocr_line' id='line_1_38' title="bbox 120 1896 360 1903; baseline 0 0"><span class='ocrx_word' id='word_1_263' title='bbox 120 1896 360 1903; x_wconf 95' lang='lat' dir='ltr'> </span> 
     </span>
    </p>
   </div>
  </div>
 </body>
</html>
