2014 3138
166 87 314 131 XXVI
768 87 972 131 Editoris
1002 87 1247 145 praefatio.

276 227 407 275 idem
432 229 689 289 corrector,
721 229 807 290 qui
837 228 1179 290 supplementa
1210 227 1417 291 addidit,
1449 243 1549 277 non
1581 243 1693 277 cum
1723 243 1851 277 com-

165 309 310 358 modo
348 311 402 356 in
440 325 496 358 eo
535 312 785 374 grassatus
833 310 919 358 est.
995 310 1257 373 pleraeque
1303 311 1435 358 enim
1476 311 1580 358 eius
1618 310 1852 360 lectiones

164 391 599 454 interpolationem
638 392 785 439 olent.
849 407 1148 454 quamquam
1186 390 1313 439 libro
1353 392 1520 455 aliquo
1560 407 1672 440 eum
1709 406 1853 442 usum

166 487 282 533 esse,
321 488 419 521 non
457 474 657 535 proprio
688 474 887 537 ingenio
918 473 1042 520 mihi
1072 472 1269 521 videtur
1306 472 1435 522 effici
1473 489 1544 535 eo,
1584 473 1716 536 quod
1753 489 1852 522 non

165 555 324 602 solum
355 569 590 617 magnum
619 554 746 602 illud
781 555 1179 617 supplementum
1202 571 1246 603 v.
1271 554 1297 602 Ι
1323 555 1388 603 52
1398 556 1536 603 9—-6
1545 556 1613 603 60
1645 554 1852 617 addidit,

165 635 249 683 sed
287 636 439 684 etiam
483 637 536 682 in
580 636 675 684 fine
713 635 1015 684 Achilleidos
1062 635 1304 698 quaedam
1342 637 1603 699 supplevit.
1682 636 1852 685 eodem

165 717 410 779 ducemur,
450 717 536 764 ubi
574 717 836 765 nonnullas
877 718 981 766 eius
1020 717 1253 766 lectiones
1293 717 1746 767 examinaverimus.

274 798 299 846 I
328 799 430 846 728
447 799 734 859 pridemque
765 802 874 847 tuas
899 793 992 854 Q,¹:
1023 802 1208 847 vestras
1231 793 1304 854 Q?
1334 799 1695 862 suprascripsit,
1725 815 1851 862 quae

164 882 238 929 est
276 880 650 928 deterrimorum
688 879 928 928 librorum
965 881 1126 929 lectio.

273 963 393 1010 item
431 961 457 1009 I
489 963 591 1010 891
633 963 767 1022 rapit
804 956 896 1016 le
932 963 963 1010 ‘b
993 963 1095 1010 ruit
1132 956 1216 1017 Q2.

273 1043 401 1091 unde
440 1043 465 1090 Ι
507 1044 610 1091 935
652 1044 1048 1106 supplementum
1085 1045 1382 1107 prompserit
1419 1045 1604 1092 nescio:

578 1170 653 1204 -ve
682 1157 829 1216 prius
867 1156 1040 1216 quidve
1077 1156 1189 1204 inde
1217 1157 1441 1215 precabO.

164 1283 274 1314 cum
312 1282 427 1314 vero
468 1268 618 1315 etiam
655 1268 707 1314 in
742 1271 782 1315 G
820 1266 1052 1315 librarius
1092 1268 1194 1315 sive
1232 1268 1386 1329 ipsius
1426 1266 1606 1315 codicis
1645 1267 1761 1328 sive,
1799 1265 1851 1314 id

163 1348 294 1410 quod
333 1349 648 1396 verisimilius
688 1350 774 1410 est,
822 1348 1112 1410 exemplaris
1158 1350 1358 1410 proprio
1405 1348 1563 1396 Marte
1610 1347 1852 1410 quaedam

163 1431 411 1492 scripsisse
457 1430 685 1478 videatur
722 1457 795 1463 —
834 1432 904 1478 sic
951 1431 1081 1478 enim
1125 1430 1211 1477 ille
1257 1445 1424 1478 versus
1479 1430 1662 1493 legitur
1708 1430 1762 1476 in
1809 1433 1850 1478 Ο

164 1511 347 1572 Quidve
375 1526 547 1571 precer
584 1512 676 1560 heu
714 1512 830 1572 quid
868 1514 1061 1559 timeam
1089 1513 1238 1571 prius
1271 1499 1412 1559 arma
1442 1510 1515 1559 vel
1543 1511 1710 1567 hosteS,
1743 1512 1849 1573 qui-

162 1592 251 1642 bus
290 1595 342 1640 in
380 1592 541 1642 verbis
581 1592 813 1654 (prec)-er
837 1586 900 1641 03
932 1593 1128 1655 scripsit
1157 1594 1210 1640 in
1248 1600 1420 1641 rasura
1450 1618 1511 1626 —
1539 1593 1592 1639 in
1629 1591 1850 1640 familiae

163 1678 323 1729 QcK
376 1675 643 1737 archetypo
688 1675 769 1723 hic
814 1675 1043 1723 lacunam
1092 1675 1241 1723 fuisse
1289 1675 1562 1723 conieceris.
1647 1689 1763 1722 nam
1807 1675 1851 1721 si

160 1772 330 1804 revera
377 1758 429 1803 in
473 1760 525 1804 K
570 1758 782 1820 genuina
829 1757 1075 1820 leguntur,
1121 1756 1179 1804 de
1226 1772 1323 1818 qua
1368 1772 1419 1803 re
1465 1754 1589 1803 mihi
1635 1771 1660 1803 e
1698 1754 1850 1804 Kohl-

162 1839 331 1886 manni
392 1839 600 1888 silentio>
650 1853 963 1901 nequaquam
1024 1839 1236 1887 constat:
1298 1837 1447 1886 etiam
1508 1836 1630 1885 alibi
1688 1838 1740 1885 in
1798 1839 1852 1885 Κ

162 1921 401 1982 genuinae
441 1921 673 1968 lectiones
711 1922 1035 1981 inrepserunt,
1075 1935 1199 1982 quae
1237 1920 1290 1966 in
1329 1919 1594 1982 archetypo
1631 1918 1850 1966 familiae

162 2017 259 2049 non
297 2002 446 2050 fuere.

272 2084 391 2130 item
422 2083 474 2130 ΙΙ
500 2084 564 2130 21
602 2085 651 2130 et
683 2084 749 2129 22
785 2083 948 2130 locum
980 2098 1009 2130 a
1041 2082 1415 2130 deterrimorum
1446 2080 1669 2130 codicum
1698 2080 1847 2128 libra-

160 2166 247 2212 riis
286 2179 384 2210 non
422 2164 729 2211 intellectum
768 2163 1006 2226 foedaque
1046 2163 1426 2224 interpolatione
1464 2164 1719 2223 turpatum
1757 2162 1846 2209 mi-

162 2261 264 2294 sere
311 2259 506 2307 pessum
554 2244 690 2292 dedit
728 2238 820 2299 Q2:
867 2258 1069 2292 crescere
1115 2245 1245 2292 enim
1291 2245 1341 2291 et
1379 2242 1639 2291 decrescere
1677 2257 1846 2304 supra-

162 2327 372 2389 scripsit,
405 2342 529 2388 quae
569 2328 684 2374 sunt
723 2327 953 2374 lectiones
993 2326 1230 2373 librorum
1268 2324 1692 2387 nequissimorum,
1724 2338 1846 2385 quos

162 2410 330 2456 littera
351 2412 430 2456 ‘M
476 2407 844 2469 comprehendit
881 2406 1233 2455 Kohlmannus.
1312 2422 1368 2453 ex
1415 2406 1653 2468 pessimae
1700 2407 1846 2454 notae

162 2490 286 2538 libro
327 2491 647 2537 correctorem
679 2504 766 2537 sua
797 2490 1044 2551 petivisse,
1076 2489 1227 2536 etiam
1258 2487 1309 2534 in
1340 2486 1694 2549 supplementis
1726 2501 1844 2550 quo—

162 2573 235 2619 vis
268 2572 367 2618 fere
401 2586 543 2619 versu
583 2572 903 2634 cognoscitur.
967 2568 1050 2618 sed
1089 2585 1198 2618 cum
1237 2570 1432 2631 parcior
1468 2570 1521 2615 in
1561 2566 1845 2631 corrigendo

162 2653 332 2714 fuerit,
381 2668 528 2714 quam
575 2651 754 2700 codicis
794 2656 834 2700 C
879 2653 1193 2712 correctores,
1239 2666 1338 2698 non
1384 2650 1447 2698 ad
1492 2648 1696 2698 eandem
1742 2663 1843 2697 cor-

161 2734 408 2795 ruptelam
447 2735 671 2795 pervenit
710 2732 858 2781 codex
899 2736 962 2793 Q,
1003 2748 1126 2794 quae
1168 2732 1383 2780 cernitur
1420 2733 1472 2779 in
1511 2728 1674 2779 codice
1715 2732 1768 2777 0.

272 2816 389 2863 haec
444 2815 593 2878 paulo
648 2816 923 2862 accuratius
978 2815 1119 2862 licuit
1172 2828 1410 2875 exponere
1463 2811 1522 2859 de
1569 2810 1732 2859 codice
1780 2812 1844 2872 Q,

162 2897 343 2957 quippe
384 2896 519 2944 cuius
559 2896 756 2957 plenam
795 2895 1107 2943 collationem
1147 2894 1371 2942 manibus
1410 2896 1674 2941 teneamus.
