2014 3138
175 104 305 148 XXII
778 102 984 148 Editoris
1015 102 1263 160 praefatio.

173 247 340 293 autem
390 244 697 309 singulorum
746 245 1170 306 transpositiones,
1222 259 1346 306 quae
1396 243 1530 292 haud
1577 257 1691 291 raro
1739 257 1870 292 nuno

173 327 384 388 exstant,
425 342 481 375 eo
512 326 746 391 nimirum
778 327 911 374 ortas
952 340 1054 374 esse
1092 327 1145 372 in
1182 325 1449 387 propatulo
1489 326 1577 386 est,
1609 323 1742 386 quod
1771 339 1868 373 vox

174 410 357 456 omissa
402 409 534 455 inter
581 406 890 455 scribendum
927 407 1006 455 vel
1050 408 1181 455 inter
1225 407 1381 455 lineas
1420 407 1500 455 vel
1545 407 1599 454 in
1646 406 1869 470 margine

174 490 411 552 suppleta
457 490 577 537 erat.
655 504 780 550 quae
827 488 958 550 quod
1004 490 1199 551 saepius
1245 504 1343 537 non
1391 503 1478 536 suo
1524 488 1632 536 loco
1671 488 1869 551 legitur,

175 573 361 618 iterum
410 586 510 618 non
547 569 807 632 Puteanei,
858 570 944 618 sed
990 570 1280 632 exemplaris
1328 571 1430 618 eius
1469 568 1674 618 librario
1712 569 1872 617 tribui

173 653 335 701 velim.
400 668 457 700 ex
487 651 761 699 Achilleide
802 653 967 699 autem
1003 651 1123 700 haec
1161 653 1359 713 praesto
1399 652 1514 700 sunt
1545 650 1790 714 exempla:

172 762 199 816 1
234 757 338 804 289
380 770 541 804 eomas
578 756 730 816 liyare
767 758 832 803 P:
871 755 1025 816 liyasre
1063 769 1221 803 eomas
1261 769 1312 804 ω

176 837 202 884 Ι
237 838 343 886 600
382 840 479 885 stat
516 839 584 885 est
618 840 685 885 P:
725 840 794 886 est
829 840 925 885 stat
963 851 1014 885 ω

173 919 200 966 Ι
234 920 338 967 7-34
380 922 552 967 cuncta
590 919 675 967 tibi
711 922 777 966 P:
817 919 903 966 tibi
940 921 1111 966 cwncta
1152 931 1202 965 ω

174 1000 200 1048 Ι
234 1001 300 1047 87
310 1002 338 1048 9
382 1002 569 1048 brevior
607 1001 788 1060 clipeus
824 1004 894 1048 P:
941 1001 1119 1060 clz'goeus
1165 1000 1441 1059 breviorque
1479 1012 1543 1046 ω.
1621 1014 1718 1061 quo
1759 998 1868 1047 loco

172 1084 284 1144 ipsa
324 1083 710 1144 transpositione
753 1082 942 1129 factum
979 1079 1175 1130 videtur
1214 1095 1332 1142 esse,
1373 1082 1431 1128 ut
1471 1080 1720 1143 particula
1758 1094 1869 1140 -qwe

173 1164 478 1212 desideretur
514 1165 568 1211 in
606 1163 870 1211 Puteaneo.

174 1260 406 1308 similiter
445 1260 753 1322 explicantur
790 1260 888 1307 loci
927 1259 1095 1321 quales
1136 1260 1271 1307 sunt:

516 1393 541 1440 I
575 1393 678 1440 638
710 1393 1095 1452 presumerentia
1133 1408 1191 1439 ex
1220 1354 1530 1452 prsscrentia

516 1512 542 1559 1
576 1513 679 1559 653
721 1513 828 1559 vias
867 1527 924 1559 ex
962 1475 1036 1558 ms}

517 1593 542 1639 I
576 1593 679 1640 678
722 1587 973 1641 'stcanaows
1017 1585 1231 1640 shaoohi.

287 1692 390 1738 iam
426 1691 582 1752 ipsius
622 1688 860 1737 Puteanei
897 1688 1128 1736 librarius
1169 1687 1288 1750 quid
1335 1688 1529 1750 saepius
1574 1688 1868 1750 peccaverit,

176 1772 463 1820 brevissime
509 1771 798 1819 indicamus.
877 1772 1025 1831 atque
1066 1769 1186 1818 duas
1234 1770 1548 1832 potissimum
1585 1783 1662 1817 res
1702 1767 1866 1817 affero.

178 1855 434 1902 nominum
473 1854 604 1900 enim
643 1854 802 1900 exitus
842 1852 975 1899 haud
1011 1867 1123 1899 raro
1165 1851 1227 1899 ad
1265 1852 1576 1913 sequentium
1613 1849 1693 1899 vel
1731 1851 1867 1898 ante-

179 1935 459 1983 cedentium
482 1950 658 1983 vocum
688 1935 924 1982 terminos
954 1932 1343 1982 accommodavit
1365 1932 1444 1981 vel
1473 1933 1676 1994 propter
1706 1946 1867 1996 gram-

178 2018 414 2064 maticam
452 2017 711 2064 festinanti
748 2030 925 2078 parum
970 2015 1274 2063 intellectam
1315 2016 1368 2062 in
1406 2014 1630 2062 terminis
1670 2013 1866 2074 erravit,

179 2098 293 2145 dein
340 2112 709 2158 nonnumquam
755 2112 839 2144 eae
882 2111 1024 2144 voces
1074 2111 1201 2157 quae
1238 2098 1291 2143 in
1329 2096 1474 2143 initio
1514 2108 1680 2143 versus
1720 2093 1867 2143 collo-

180 2181 318 2227 catae
359 2180 494 2238 sunt,
535 2178 643 2225 auri
682 2178 784 2225 eius
825 2176 1224 2224 obversabantur.
1295 2176 1421 2223 unde
1459 2177 1647 2224 factum
1685 2176 1771 2236 est,
1810 2177 1867 2223 ut

180 2260 270 2308 sub
317 2258 463 2307 finem
501 2273 669 2307 versus
708 2258 786 2307 vel
831 2259 884 2305 in
930 2257 1129 2305 illarum
1167 2272 1343 2305 vocum
1388 2258 1646 2305 vicinitate
1695 2271 1865 2319 perpe-

180 2357 287 2388 ram
328 2356 496 2387 earum
534 2341 738 2401 stirpem
776 2340 1043 2402 repetierit.
1108 2339 1166 2386 cf.
1201 2354 1238 2386 e.
1272 2354 1315 2401 g.
1350 2336 1497 2385 Theb.
1530 2336 1603 2384 VI
1636 2338 1740 2385 627
1780 2337 1867 2386 ubi

181 2438 270 2485 pro
326 2436 519 2482 corpore
574 2437 630 2469 ex
679 2422 824 2469 initio
871 2435 1038 2469 versus
1079 2420 1294 2479 pondere
1340 2420 1594 2467 exaratum
1648 2419 1742 2480 est,
1787 2418 1867 2467 vel

181 2502 306 2550 VIII
335 2504 399 2550 18
442 2503 526 2550 ubi
564 2504 764 2551 umbrae
802 2518 890 2565 pro
929 2502 1091 2550 undae
1128 2500 1240 2548 inde
1279 2502 1442 2549 ortum
1481 2501 1567 2561 est,
1612 2499 1742 2562 quod
1772 2515 1867 2549 vox

181 2585 490 2644 umbriferae,
525 2600 652 2646 quae
674 2599 868 2632 versum
893 2583 1043 2643 ducit,
1066 2584 1328 2631 memoriae
1353 2582 1608 2630 scribentis
1638 2582 1867 2631 inhaesit.
1951 2617 1954 2625 .

184 2667 386 2714 alterius
427 2668 592 2714 autem
631 2667 820 2730 generis
852 2682 912 2713 ne
944 2679 1142 2728 prorsus
1174 2664 1405 2726 exemplis
1439 2678 1618 2725 careas,
1657 2662 1867 2713 conferri

184 2747 333 2794 velim
373 2746 520 2794 Theb.
555 2746 579 2794 Ι
613 2748 740 2808 223,
796 2746 881 2795 ubi
934 2747 1018 2795 Ire
1063 2759 1156 2806 per
1200 2745 1437 2793 ‘inlicitum
1479 2744 1688 2805 pelayus
1738 2742 1864 2792 falso

183 2828 386 2890 legitur:
433 2844 522 2890 pro
554 2829 728 2889 pelayo
767 2828 1062 2876 attractione
1102 2826 1316 2888 quadam
1355 2842 1465 2874 cum
1501 2825 1864 2888 praepositione

175 2923 268 2967 per
308 2910 568 2957 coniuncto
609 2911 944 2958 accusativum
982 2910 1242 2971 inrepsisse
1284 2923 1382 2956 non
1421 2905 1688 2955 miraberis.
1751 2905 1866 2954 dein
