2014 3138
1665 155 1810 198 XLIII

600 327 863 383 Addenda
902 329 956 382 et
995 327 1339 399 Corrigenda.

242 432 305 480 ad
334 448 380 493 p.
408 425 442 478 5
476 447 519 478 v.
558 431 622 477 13
655 429 783 476 mille
814 430 995 476 carinis
1027 429 1085 476 cf.
1120 444 1157 476 e.
1187 446 1230 492 g.
1258 428 1418 476 VERG.
1445 428 1565 475 Aen.
1598 428 1667 475 IX
1695 430 1813 476 148.

243 505 304 553 ad
333 522 380 566 p.
417 497 489 552 13
524 520 567 551 v.
606 504 707 550 194
740 505 898 550 iuncto
930 503 1139 550 coniecit
1170 500 1519 550 Gustafssonus
1559 518 1648 564 pro
1680 503 1813 550 victo.

243 580 304 628 ad
327 596 373 640 p.
397 571 471 625 l4
488 594 532 625 v.
554 578 657 625 204
678 580 813 624 artas
830 577 1026 624 defendi
1048 591 1188 638 posse
1214 576 1419 624 adnotat
1439 576 1584 624 idem.
1619 576 1817 624 Thetidi

133 671 158 702 e
203 651 309 701 lo'co
356 653 605 714 superiore
650 653 806 698 terras
854 651 1069 698 intuenti
1114 652 1252 698 artae
1290 651 1334 697 h.
1374 667 1411 698 e.
1459 652 1512 697 in
1551 652 1817 713 angustum

132 729 346 793 spatium
371 726 617 774 confertae
635 725 864 772 videntur
887 725 1088 792 insulae.
1131 724 1275 771 aliter
1290 739 1366 771 res
1392 739 1442 772 se
1465 724 1614 772 habet
1630 741 1672 771 v.
1695 725 1814 771 530.

243 801 305 848 ad
358 817 404 862 p.
455 793 528 847 15
577 816 620 847 v.
674 800 776 846 239
834 800 1042 846 coniecit
1088 799 1275 857 sequior
1321 802 1364 845 et
1399 814 1487 860 pro
1526 798 1597 845 Et
1640 799 1813 852 senior,

133 875 382 938 eleganter
413 873 623 935 quidem,
664 872 748 920 sed
786 888 883 919 non
915 873 1202 932 necessariO,
1235 873 1277 919 si
1309 872 1428 933 quid
1458 872 1612 920 video.
1677 873 1818 931 aquis

133 951 262 997 enim
311 965 420 996 cum
466 948 661 1006 iwyemit
706 946 1098 1008 coniungendum
1135 945 1331 993 videtur
1376 962 1464 994 nec
1510 947 1668 993 senior
1707 961 1817 993 con—

134 1025 270 1071 stans
310 1021 597 1069 Fluviorum
637 1021 888 1081 epitheton
927 1019 1285 1067 removendum.

243 1113 288 1157 p.
334 1089 408 1142 16
448 1097 499 1141 in
538 1093 856 1141 adnotatione
895 1095 1065 1140 notam
1104 1109 1230 1154 quae
1271 1093 1333 1140 ad
1364 1110 1408 1141 v.
1444 1095 1547 1141 242
1589 1093 1819 1155 pertinet,

135 1186 295 1217 errore
335 1169 398 1215 ad
436 1185 479 1216 v.
524 1168 625 1215 243
667 1168 824 1214 relata
862 1170 949 1214 est.

245 1243 307 1290 ad
361 1259 407 1304 p.
468 1235 537 1289 17
596 1258 639 1289 v.
690 1243 792 1288 276
850 1241 1046 1288 exordia
1106 1244 1312 1288 manant
1362 1241 1539 1288 indolis
1594 1243 1815 1300 effrenae.

136 1317 375 1364 tumidwm
415 1330 510 1383 eqs.
552 1317 810 1376 proposuit
849 1313 1210 1362 Gustafssonus.
1290 1330 1386 1375 qua
1423 1316 1819 1376 interpunctione

136 1393 339 1452 accepta
387 1390 534 1437 velim
580 1405 741 1437 meam
788 1390 1118 1436 coniecturam
1166 1391 1372 1436 manant
1414 1390 1467 1435 in
1512 1391 1701 1437 textum
1746 1406 1819 1436 re·-

137 1466 250 1526 cipi.
326 1462 458 1511 idem
497 1478 630 1510 error
668 1465 720 1510 in
758 1466 801 1509 P
841 1462 989 1509 Theb.
1021 1461 1073 1509 II
1107 1463 1225 1509 674.

247 1537 308 1585 ad
346 1554 391 1598 p.
435 1530 511 1584 30
550 1553 594 1585 v.
631 1538 733 1583 527
777 1536 927 1583 audes
965 1536 1108 1582 malit
1147 1534 1509 1584 Gustafssonus.

247 1611 310 1659 ad
346 1627 394 1672 p.
437 1604 510 1657 32
554 1627 596 1658 v.
641 1611 743 1657 556
799 1610 947 1657 addas
1000 1610 1275 1671 exemplum
1314 1609 1656 1673 Vergilianum
1695 1610 1816 1658 Aen.

136 1684 235 1731 VII
270 1686 374 1731 700
414 1699 521 1731 cum
559 1698 658 1731 sese
697 1698 719 1730 e
749 1687 900 1743 pastu
937 1685 1153 1742 referam
1191 1676 1392 1749 (cycni).

250 1757 396 1818 adp.
438 1750 511 1804 41
555 1774 599 1805 v.
636 1758 738 1804 753
778 1771 910 1804 more
948 1758 1156 1804 coniecit
1196 1755 1560 1805 Gustafssonus.

250 1831 311 1878 ad
349 1848 394 1892 p.
435 1823 512 1877 44
553 1847 596 1878 v.
639 1831 744 1877 810
798 1844 902 1877 sors
954 1830 1085 1877 idem
1139 1830 1447 1878 commendat
1501 1847 1526 1878 e
1571 1831 1819 1879 Vaticano

142 1906 298 1952 3281.
376 1907 428 1951 at
465 1905 568 1963 fors
606 1904 839 1966 intellego
879 1904 1142 1951 fortunam.

250 1978 311 2026 ad
352 1995 397 2039 p.
441 1972 516 2024 54
556 1994 597 2025 v.
643 1979 708 2024 24
750 1979 1107 2036 confessmnque
1154 1993 1263 2025 cum
1313 1978 1634 2025 deterioribus
1682 1979 1820 2026 libris

140 2053 285 2100 scribi
334 2051 470 2099 iubet
522 2050 882 2098 Gustafssonus.
968 2067 1124 2112 neque
1178 2053 1343 2098 tamen
1393 2052 1516 2098 mihi
1565 2055 1820 2114 persuasit,

138 2128 258 2174 item
298 2125 426 2186 quod
466 2142 509 2172 v.
545 2126 610 2172 36
651 2126 765 2172 ullis
803 2126 955 2186 recipi
993 2126 1113 2172 vult.

252 2199 312 2246 ad
343 2216 388 2261 p.
423 2193 495 2246 57
533 2215 575 2246 v.
611 2200 676 2246 93
713 2199 863 2247 addas
896 2201 1143 2262 egregiam
1175 2198 1483 2247 Gustafssoni
1520 2202 1817 2246 conieturam

139 2274 213 2320 his
250 2269 412 2336 (sua)
442 2274 660 2332 primum
697 2288 838 2319 arma
877 2273 1133 2320 ostendisse
1172 2273 1370 2320 lacertis,

251 2363 297 2407 p.
336 2341 420 2394 VI
458 2363 501 2394 v.
544 2347 575 2393 4
616 2347 751 2408 legas
790 2349 1055 2394 antistaret.

251 2436 297 2479 p.
336 2413 429 2466 IX
467 2437 509 2468 v.
554 2422 583 2467 2
626 2422 774 2467 etiam
815 2421 871 2466 -ti
910 2421 1081 2467 erectis
1119 2420 1299 2467 litteris
1339 2418 1670 2467 excudendum
1713 2420 1818 2475 fuit.

253 2508 299 2552 p.
337 2486 538 2540 XXIV
577 2510 620 2541 v.
664 2495 729 2540 25
771 2493 904 2555 legas
947 2486 1040 2540 491³
1079 2509 1168 2554 pro
1211 2494 1328 2540 496.

131 2617 133 2620 .
253 2567 514 2625 postquam
566 2568 666 2612 iam
714 2566 989 2613 absolutum
1036 2569 1109 2614 est
1155 2581 1296 2627 opus,
1353 2566 1591 2626 quaedam
1645 2567 1821 2614 menda

145 2653 416 2698 operarum,
454 2653 551 2684 non
590 2654 697 2685 mea
737 2640 881 2701 culpa
917 2641 969 2686 in
1007 2640 1228 2687 libellum
1264 2641 1523 2700 inrepsere,
1563 2656 1599 2686 e.
1627 2657 1670 2702 g.
1701 2657 1746 2700 p.
1772 2635 1821 2687 V

145 2712 436 2772 compluries
467 2713 518 2757 in
550 2712 1021 2773 interpunctionibus
1052 2715 1306 2774 peccatum
1337 2715 1425 2773 est,
1463 2730 1508 2774 p.
1535 2706 1607 2759 47
1643 2730 1685 2760 v.
1714 2714 1813 2760 861

145 2787 416 2832 monstrum
449 2784 648 2831 dversao
679 2801 768 2846 pro
800 2787 999 2833 adverso
1037 2787 1136 2849 legi
1169 2785 1319 2834 doleo.
1382 2801 1470 2847 pro
1506 2786 1680 2846 quibus
1717 2787 1819 2848 opi-

144 2858 287 2905 ficum
329 2860 523 2905 nomine
563 2858 755 2906 veniam
793 2874 925 2920 rogo.
