2014 3138
172 104 245 157 54
779 106 829 151 P.
861 107 1066 152 PAPINI
1098 107 1273 152 STATI

105 254 149 286 Il
170 240 261 292 hic
298 244 579 309 spumante
619 242 732 294 salo
772 242 969 296 iaciens
1010 244 1214 296 tumida
1252 247 1376 297 exta
1414 245 1678 313 profatur:

80 520 150 551 305

80 962 146 995 310

82 1407 147 1438 315

83 1850 150 1881 320

171 328 482 396 ‘paruimu8‚
523 330 778 400 genetrix,
817 348 1140 399 quamquam
1180 333 1311 385 haut
1342 333 1618 386 toleranda
1648 335 1865 404 pararis,

169 417 442 484 paruimus
481 418 728 471 nimium:
768 419 909 471 bella
948 420 1015 472 ad
1052 419 1282 473 Troiana
1318 424 1564 490 ratesque

170 503 451 575 Argolicas
492 508 763 574 quaesitus
803 508 901 559 eo.'
979 509 1056 560 sic
1095 527 1246 562 orsus
1287 512 1340 561 et
1377 511 1500 562 alno

170 594 379 645 insiluit
415 595 735 663 penitusque
774 599 905 648 noto
946 597 1202 650 stridente
1240 599 1557 667 propinquis
1821 621 1866 653 20

170 682 432 750 abripitur
470 684 646 736 terris:
686 687 740 736 et
778 683 884 736 iam
925 685 1088 736 ardua
1126 686 1316 738 ducere
1355 686 1522 739 nubes

169 771 360 838 incipit
399 774 451 823 et
488 772 652 841 longo
694 770 887 840 Scyros
927 773 1193 826 discedere
1229 777 1413 843 pont0.

318 863 462 912 turre
500 860 690 928 procul
730 879 938 913 summa
976 862 1211 914 lacrimis
1253 863 1508 915 comitata
1547 882 1789 917 sororum

172 949 622 1017 commissumque
660 953 846 1001 tenens
887 953 940 1002 et
979 950 1264 1003 habentem
1303 952 1522 1004 nomina
1558 951 1823 1021 Pyrrhum

169 1036 434 1105 pendebat
474 1037 706 1089 coniunx
746 1038 1020 1107 oculisque
1060 1039 1116 1090 in
1155 1038 1373 1091 carbasa
1410 1040 1530 1092 fixis
1821 1062 1866 1094 25

170 1126 283 1177 ibat
321 1129 374 1178 et
412 1126 528 1194 ipsa
565 1127 719 1194 fretO,
758 1129 811 1178 et
850 1145 1084 1195 puppem
1125 1128 1231 1179 iam
1271 1129 1385 1180 sola
1422 1128 1650 1181 videbat.

171 1214 261 1266 ille
301 1232 514 1283 quoque
555 1215 802 1283 obliquos
843 1215 1037 1269 dilecta
1076 1216 1143 1268 ad
1181 1217 1392 1268 moenia
1431 1218 1612 1270 vultus

172 1302 403 1355 declinat
441 1303 761 1371 viduamque
802 1304 1019 1356 domum
1060 1305 1396 1374 gemitusque
1434 1306 1653 1358 relictae

173 1392 396 1460 cogitat:
437 1393 679 1444 occultus
721 1392 819 1444 sub
861 1393 1017 1445 corde
1057 1394 1353 1446 renascitur
1391 1394 1548 1446 ardor

173 1480 368 1547 datque
406 1481 585 1533 locum
626 1481 808 1533 virtus.
881 1481 1045 1533 sentit
1083 1481 1326 1534 Laertius
1367 1482 1523 1534 heros
1822 1503 1867 1536 30

172 1572 495 1621 maerentem
536 1574 589 1622 et
626 1570 850 1638 placidis
890 1570 1169 1639 adgressus
1210 1570 1423 1623 flectere
1463 1570 1642 1623 dictis:

173 1656 334 1709 ‘tene'
375 1658 564 1726 inquit,
607 1658 851 1728 emagnae
891 1661 1128 1710 vastator
1167 1658 1342 1711 debite
1381 1657 1586 1726 Troiae,

173 1763 331 1814 quem
371 1745 585 1798 Danaae
627 1748 836 1814 classes,
876 1765 1033 1814 quem
1074 1746 1255 1799 divum
1296 1747 1510 1799 oracula
1547 1750 1792 1816 poscunt,

174 1837 515 1902 erectumque
555 1838 734 1887 manet
771 1838 1003 1887 reserato
1045 1835 1100 1886 in
1139 1835 1323 1887 limine
1362 1834 1589 1899 Bellum,

175 1923 366 1975 callida
404 1924 634 1975 femineo
676 1924 916 1993 genetrix
956 1923 1178 1975 violavit
1217 1923 1415 1976 amictu
1823 1943 1867 1977 35

293 2084 541 2139 Exempla:
577 2087 631 2126 26
664 2082 722 2136 cf.
757 2082 836 2125 Ov.
871 2085 977 2126 met.
1012 2082 1074 2126 XI
1099 2088 1185 2126 466
1202 2097 1263 2139 sq.
1418 2087 1469 2126 31
1505 2083 1561 2136 cf.
1596 2081 1738 2126 Theb.
1765 2081 1865 2125 175

175 2142 313 2186 dictis
345 2143 631 2186 maerentem
663 2141 848 2186 flectere
881 2142 1047 2185 adorti.

297 2294 348 2332 17
383 2290 646 2334 tolleranda
676 2294 708 2330 P
859 2289 1040 2344 pararis
1072 2289 1305 2333 Klotzius:
1346 2288 1534 2345 puberis
1567 2290 1614 2345 (p
1645 2301 1678 2330 s.
1706 2288 1733 2331 l.
1759 2286 1866 2342 P¹?)

175 2353 227 2390 P:
273 2348 466 2392 iubebas
509 2347 721 2406 (iubebar
763 2362 818 2391 ea:
861 2361 931 2391 -as
972 2350 1025 2402 K)
1059 2362 1104 2391 ω
1265 2351 1318 2390 18
1351 2360 1432 2391 om.
1467 2347 1517 2389 c¹
1557 2346 1663 2390 add.
1697 2345 1750 2388 0²

176 2413 230 2449 21
280 2407 523 2464 Abripitur
570 2423 637 2451 ωι
684 2407 919 2463 Arripitur
964 2411 996 2448 P
1121 2406 1287 2449 ducere
1327 2410 1422 2449 PE:
1472 2418 1657 2450 cernere
1704 2405 1865 2453 Q¹Kc2

177 2480 380 2510 crescere
414 2466 470 2515 αἳ
604 2466 749 2522 pubes
782 2471 810 2508 c
984 2470 1037 2508 22
1070 2464 1210 2521 longo
1244 2478 1399 2520 scyros
1431 2469 1482 2507 P:
1532 2477 1687 2520 scyros
1727 2463 1866 2520 longo

176 2540 222 2569 ω
255 2527 407 2581 (etiam
433 2528 482 2582 Q.)
598 2525 834 2569 discedere
867 2525 1148 2580 <decrescere
1182 2524 1253 2578 αἳ)
1391 2528 1446 2566 23
1479 2537 1666 2567 suorum
1699 2523 1750 2565 0¹

178 2588 234 2626 24
267 2583 666 2639 Commissumque
696 2589 748 2627 P:
798 2583 1160 2639 Confessumque
1192 2597 1237 2626 ω
1419 2587 1473 2626 25
1505 2582 1746 2626 Pendebat
1775 2586 1867 2624 Pe:

176 2642 419 2687 Tendebat
451 2648 532 2691 αἱ(
712 2647 766 2686 26
799 2643 918 2687 freto
951 2647 1046 2685 PE:
1092 2642 1262 2685 fretum
1295 2656 1339 2685 ω
1468 2641 1662 2698 puppim
1694 2639 1751 2689 0²

179 2702 348 2746 fretum
381 2704 428 2745 et
459 2702 629 2746 nubem
665 2703 905 2756 Menkius;
948 2708 996 2745 ac
1035 2700 1134 2745 sola
1166 2701 1227 2744 ad
1259 2701 1553 2745 Deidamiam
1582 2704 1752 2756 spectat

180 2793 233 2832 ⁶29
267 2764 534 2834 renaiicitur
565 2796 596 2832 P
747 2795 803 2833 30
836 2789 978 2833 sentit
1008 2793 1105 2831 PE:
1139 2788 1285 2832 sensit
1316 2804 1361 2833 ω
1507 2793 1559 2831 31
1595 2789 1643 2831 et
1673 2801 1755 2832 om.
1789 2785 1865 2834 2¹:

177 2851 325 2903 suppl.
362 2849 418 2896 Q²
448 2864 480 2893 s.
516 2851 543 2892 l.
721 2854 775 2891 34
812 2849 973 2892 limine
1005 2862 1070 2891 w:
1116 2847 1266 2891 limite
1298 2852 1330 2890 P
1503 2852 1558 2890 35
1592 2845 1783 2889 violavit
1813 2848 1865 2888 P:

180 2906 351 2950 velavit
383 2923 427 2951 ω
