2014 3138
740 98 742 101 ’
775 90 980 135 Editoris
1010 89 1253 148 praefatio.
1711 89 1859 132 XXIII

179 262 326 311 Theb.
358 262 384 309 I
417 263 518 310 301
554 262 791 309 alternum
827 224 1028 324 reymssm
1064 261 1303 319 infitiatus
1339 261 1575 321 honorem,
1615 275 1712 320 quo
1750 260 1857 307 loco

181 346 301 406 quin
323 358 524 404 reynwm
546 344 784 404 scriptum
807 343 873 390 sit
902 343 1106 403 propter
1128 343 1346 391 vicinum
1376 341 1629 396 alternum,
1654 339 1859 387 dubium

178 441 276 473 non
307 426 394 473 est.
454 426 563 472 tum
594 423 742 471 Theb.
767 422 840 470 IV
867 424 969 471 379
1011 422 1098 470 ubi
1134 423 1317 486 legitur
1347 423 1500 470 subito
1532 424 1762 478 camistra,
1795 422 1858 469 ad

179 507 461 568 sequentem
504 520 674 554 vocem
720 504 950 552 adverbio
1004 506 1175 566 aptato
1220 505 1379 552 subita
1433 504 1646 551 canistra
1699 503 1859 551 effecit

144 586 415 635 ‘Puteanei
466 587 710 634 librarius.
800 585 885 633 sed
940 585 1063 632 talia
1121 601 1231 633 cum
1288 601 1346 634 ex
1395 586 1641 648 apparatu
1687 586 1859 632 critico

179 669 332 716 cuivis
373 668 600 731 colligere
638 668 924 730 promptum
962 668 1047 728 sit,
1087 681 1174 714 nos
1211 666 1454 714 indicasse
1493 667 1572 713 sat
1607 664 1858 726 habemus,

179 750 314 811 quali
351 751 541 797 ratione
571 750 849 811 peccaverit
877 748 976 796 ille.
1032 763 1154 796 -nam
1185 764 1295 795 eum
1324 748 1405 795 hic
1434 747 1539 795 illic
1571 748 1722 795 etiam
1753 747 1858 795 vul-

177 846 316 894 gares
355 830 579 879 omnibus
618 831 718 878 fere
756 829 971 877 librariis
1011 844 1195 877 errores
1233 831 1467 891 repetere,
1505 830 1562 875 ut
1592 844 1629 876 e.
1664 845 1709 891 g.
1742 830 1857 876 scri-

174 911 321 959 batur
345 902 504 960 lumen
533 928 623 974 pro
654 911 812 967 limen,
846 913 981 959 timeo
1013 927 1101 973 pro
1133 913 1300 971 tumeo,
1332 912 1381 957 et
1413 925 1537 971 quae
1569 911 1683 957 sunt
1712 909 1858 958 huius

177 995 382 1056 generis,
427 995 511 1042 vix
564 994 638 1041 est
691 992 821 1054 quod
872 992 1105 1040 lectorem
1157 1006 1396 1039 moneam.
1483 1006 1640 1051 neque
1692 992 1859 1038 tamen

177 1089 591 1136 supervacaneum
621 1074 817 1122 videtur
847 1073 1082 1121 adnotare
1114 1074 1307 1134 saepius
1345 1071 1604 1119 librarium
1640 1073 1858 1135 integras

177 1155 390 1217 syllabas
421 1156 498 1203 vel
531 1156 680 1203 etiam
718 1155 883 1217 plures
920 1171 1009 1216 pro
1049 1170 1137 1202 sua
1175 1154 1506 1213 festinatione,
1544 1152 1631 1200 ubi
1667 1153 1857 1201 littera-

175 1253 286 1283 rum
318 1237 556 1298 quaedam
586 1236 856 1284 similitudo
886 1238 1006 1296 erat,
1042 1235 1363 1296 transiluisse,
1393 1234 1532 1282 velut
1555 1233 1675 1281 Ach.
1700 1233 1726 1281 I
1751 1234 1857 1282 840

167 1318 429 1377 penthebae
463 1319 659 1380 scripsit
696 1333 784 1380 pro
821 1318 1030 1376 penthea
1069 1317 1243 1372 thebae,
1284 1316 1309 1362 Ι
1343 1316 1445 1363 926
1487 1317 1732 1376 coniunyit
1766 1332 1856 1377 pro

177 1401 364 1447 conscia
394 1401 561 1460 iunyit.
624 1399 851 1446 similiter
882 1398 1029 1446 Theb.
1055 1397 1106 1444 II
1133 1399 1235 1446 127
1270 1398 1355 1444 ubi
1386 1412 1597 1445 errorem
1626 1395 1857 1445 librarius

177 1519 347 1565 statim
383 1518 649 1565 intellexit:
694 1479 1075 1580 sanquin2²2⁰me.
1142 1515 1188 1562 V
1220 1517 1328 1564 490
1365 1516 1623 1563 merescere
1661 1516 1858 1576 scripsit

176 1614 264 1659 pro
309 1599 643 1654 increbescere,
682 1597 755 1645 VI
789 1599 856 1646 64
895 1599 1101 1646 intextus
1146 1613 1234 1659 pro
1280 1599 1579 1652 intertextus,
1618 1595 1716 1643 XII
1749 1596 1854 1643 248

176 1681 386 1728 iacereor
437 1696 525 1741 pro
572 1681 725 1727 iacere
769 1694 890 1734 reor,
946 1682 996 1726 et
1041 1681 1155 1741 sim,
1210 1679 1269 1727 cfi
1326 1679 1477 1726 etiam
1523 1677 1643 1725 Ach.
1683 1677 1709 1724 Ι
1747 1678 1853 1725 428

177 1774 361 1821 omwem
397 1775 577 1808 nemus.
652 1762 802 1807 etiam
840 1760 988 1807 Theb.
1014 1759 1060 1805 V
1084 1761 1189 1807 416
1230 1762 1335 1820 ipse
1376 1774 1587 1807 errorem
1626 1760 1856 1806 correxit:

177 1879 360 1941 legitur
399 1880 528 1925 enim
567 1880 657 1926 sic:
696 1840 1084 1944 aesonagqngtus.

493 2110 519 2162 ἓ
553 2112 584 2155 2
624 2111 694 2155 de
733 2109 968 2166 reliquis
1004 2109 1274 2154 subsidiis
1313 2109 1537 2154 criticiS.

288 2255 345 2287 ex
376 2242 459 2300 eis,
484 2256 607 2301 quae
638 2240 796 2287 adhuc
828 2241 1151 2301 exposuimus,
1176 2238 1386 2286 dilucide
1418 2239 1591 2300 opinor
1624 2238 1855 2300 perspici-

177 2322 258 2367 tur
296 2323 534 2383 optimam
576 2335 676 2369 esse
715 2320 952 2368 Puteanei
993 2322 1292 2381 memoriam,
1331 2319 1414 2367 sed
1454 2335 1564 2367 cum
1594 2320 1697 2381 ipse
1735 2335 1854 2367 non-

177 2401 325 2448 nullis
355 2403 491 2450 vitiis
523 2403 588 2450 sit
616 2402 848 2462 imbutus,
880 2402 1089 2449 aliorum
1119 2400 1341 2449 codicum
1372 2417 1462 2463 ope
1493 2403 1641 2462 atque
1672 2401 1853 2447 auxilio

178 2497 265 2529 nos
306 2497 466 2530 carere
504 2499 602 2531 non
641 2498 792 2545 posse.
859 2484 1006 2543 atque
1045 2483 1200 2530 accivi
1236 2483 1405 2543 plenas
1443 2483 1595 2528 trium
1634 2481 1854 2529 codicum

100 2590 103 2593 Δ
178 2561 424 2623 lectiones,
463 2579 520 2610 ex
558 2563 733 2623 quibus
773 2563 868 2611 duo
900 2564 1000 2610 iam
1029 2562 1340 2610 Kohlmanno
1370 2563 1478 2611 noti
1507 2563 1720 2622 fuerunt,
1757 2564 1852 2609 ter-

178 2643 277 2690 tius
307 2659 422 2690 vero
462 2658 491 2689 a
521 2643 769 2691 Vollmero
809 2645 966 2705 primo
1008 2645 1281 2691 accuratius
1312 2643 1559 2704 inspectus
1593 2644 1677 2690 est.
1740 2643 1853 2688 sunt

180 2726 344 2772 autem
381 2723 453 2770 hi:

291 2805 467 2852 codex
520 2804 826 2853 Parisinus
884 2807 951 2853 10
968 2806 1087 2866 317,
1142 2821 1287 2866 quem
1339 2805 1519 2852 litteris
1566 2807 1648 2850 Pe
1699 2802 1852 2850 Kohl-

179 2901 385 2933 mannus
431 2886 645 2945 notavit,
690 2901 791 2946 nos,
838 2888 893 2932 ut
935 2886 1140 2932 duarum
1178 2885 1455 2932 litterarum
1492 2884 1853 2931 incommodum
