2014 3138
776 81 1172 126 ACHILLEIDOS
1204 82 1251 124 L.
1284 82 1316 124 Ι.
1823 82 1890 134 51

142 236 185 267 η
210 219 295 271 cui
333 219 424 270 vix
460 218 586 271 flere
624 217 811 270 vacat?
887 217 1045 268 modo
1086 220 1138 268 te
1177 234 1285 268 nox
1322 234 1430 267 una
1468 215 1716 283 deditque
1830 236 1895 269 936

208 307 504 374 inviditque
543 305 699 358 mihi!
775 304 1025 356 thalamis
1065 305 1197 356 haec
1235 307 1477 372 tempora
1514 304 1746 356 nostris?

208 394 365 447 hicne
405 397 485 446 est
522 394 658 445 liber
695 392 930 460 hymen?
1008 411 1038 444 o
1079 392 1254 444 dulcia
1293 393 1436 444 furta
1475 391 1702 459 dolique,

119 502 186 531 265
211 501 241 533 o
280 482 462 534 timor!
502 481 764 549 abripitur
802 481 1025 532 miserae
1064 480 1352 548 permissus
1391 478 1643 532 Achilles,

207 570 321 620 i——
345 587 516 637 neque
555 570 697 621 enim
737 572 915 620 tantos
955 569 1125 620 ausim
1165 586 1411 620 revocare
1449 571 1664 636 paratus
1690 600 1774 637 —-,
1830 591 1895 622 940

207 658 225 708 i
266 660 467 725 cautuS‚
505 675 604 709 nec
642 675 777 709 vana
816 657 1013 708 Thetin
1051 656 1293 708 timuisse
1332 660 1615 726 mementO,

207 745 226 795 i
263 746 394 797 felix
430 749 715 813 nosterque
754 745 886 796 redi:
926 745 1086 811 nimis
1125 744 1349 813 inproba
1386 746 1569 812 posco!

208 833 313 885 iam
354 836 407 885 te
448 834 737 902 sperabunt
774 833 1008 884 lacrimis
1047 833 1370 899 planctuque
1410 832 1629 885 decorae

118 942 186 974 270
210 921 441 973 Troades
482 920 849 988 optabuntque
887 920 994 971 tuis
1035 919 1157 971 dare
1196 918 1333 971 colla
1372 920 1570 971 catenis

208 1013 261 1061 et
297 1010 524 1077 patriam
563 1027 783 1076 pensare
821 1008 953 1060 toris
994 1010 1086 1059 aut
1123 1008 1242 1076 ipsa
1278 1008 1511 1075 placebit
1830 1030 1895 1062 945

207 1097 480 1164 Tyndaris,
521 1097 721 1148 incesta
759 1096 984 1147 nimium
1024 1096 1239 1147 laudata
1275 1096 1474 1163 rapina.

125 1255 127 1257 ι
207 1188 290 1236 ast
329 1187 541 1254 egomet
579 1185 781 1252 primae
819 1183 1038 1252 puerilis
1076 1183 1257 1235 fabula
1296 1183 1481 1251 culpae

205 1273 460 1324 narrabor
497 1272 712 1324 famulis
753 1275 845 1323 aut
883 1272 1213 1324 dissimulata
1250 1271 1442 1323 latebo.

119 1382 184 1413 275
208 1361 338 1428 quin
375 1378 489 1430 age,
529 1360 630 1413 duc
670 1360 942 1429 comitem3
983 1377 1076 1411 cur
1112 1378 1222 1411 non
1261 1378 1359 1429 ego
1399 1359 1594 1412 Martia
1631 1363 1807 1412 tecum

208 1448 360 1517 signa
397 1448 599 1500 feram?
638 1451 698 1500 tu
735 1449 920 1516 thyrsa
958 1466 1120 1499 manu
1157 1447 1504 1515 Baccheaque
1544 1466 1752 1500 mecum
1829 1469 1893 1503 950

207 1554 369 1603 sacra,
409 1537 550 1603 quod
589 1536 776 1588 infelix
812 1554 923 1588 non
961 1536 1138 1587 credet
1176 1535 1349 1604 Troia,
1388 1536 1574 1588 tulisti.

208 1626 443 1675 attamen
481 1624 638 1690 hunc,
678 1641 835 1690 quem
875 1626 1077 1675 maesta
1115 1624 1250 1674 mihi
1289 1624 1484 1675 solacia
1520 1624 1736 1692 linquis,

207 1711 350 1764 hunc
389 1713 578 1763 saltem
617 1711 715 1763 sub
757 1711 912 1763 corde
951 1714 1072 1762 tene
1112 1714 1166 1762 et
1205 1712 1434 1764 concede
1472 1712 1712 1779 precanti

50 1842 58 1847 .
117 1819 184 1851 280
207 1799 311 1850 hoc
349 1800 537 1866 solum,
575 1799 749 1866 pariat
786 1816 853 1850 ne
893 1798 1020 1865 quid
1058 1798 1160 1850 tibi
1199 1799 1421 1850 barbara
1461 1799 1707 1868 coniunx,

202 1905 272 1938 ne
313 1904 417 1954 qua
457 1887 545 1938 det
583 1887 830 1955 indignos
870 1885 1084 1937 Thetidi
1124 1887 1333 1954 captiva
1370 1887 1625 1954 nepotes,9
1827 1908 1892 1941 955

206 1974 336 2026 talia
374 1975 636 2026 dicentem
675 1991 785 2025 non
822 1974 936 2042 ipse
976 1974 1210 2025 inmotus
1248 1972 1486 2026 Achilles

210 2063 411 2115 solatur
449 2063 692 2129 iuratque
731 2061 891 2113 fidem
931 2061 1207 2128 iurataque
1246 2062 1377 2113 fletu

208 2150 433 2219 spondet
472 2153 525 2202 et
563 2149 806 2219 ingentes
844 2150 1070 2201 famulas
1111 2153 1428 2218 captumque
1467 2168 1706 2202 reversus

326 2397 573 2451 Eoeempla:
608 2399 692 2438 950
724 2395 781 2449 cf.
815 2394 958 2438 Theb.
983 2395 1046 2438 XI
1072 2400 1169 2449 1Q2.

341 2632 426 2670 936
459 2627 542 2671 Cui
573 2626 649 2669 vix
680 2625 905 2681 (Coniunx
937 2630 982 2685 c)
1091 2630 1226 2672 vocat
1258 2633 1292 2676 Q.
1435 2633 1519 2673 940
1550 2629 1572 2671 I
1603 2630 1693 2686 (Ah
1725 2632 1769 2685 c)

208 2692 291 2731 941
332 2686 502 2730 thetim
544 2689 658 2732 Pac
837 2691 921 2730 946
961 2687 1140 2730 incesta
1187 2687 1272 2742 (in-
1317 2687 1409 2741 fere
1450 2689 1593 2743 periit
1630 2689 1682 2730 in
1719 2687 1779 2744 P)

208 2751 291 2790 947
325 2747 510 2802 egomet
540 2749 594 2787 P:
644 2755 729 2798 ego
777 2746 824 2787 et
856 2749 890 2792 Q,
936 2745 999 2799 (m
1029 2759 1134 2789 sser.
1167 2746 1244 2801 Kl)
1275 2751 1314 2787 Κ
1351 2747 1458 2803 (que
1504 2760 1606 2790 sscr.
1642 2746 1708 2802 0¹)
1741 2752 1768 2788 c

208 2809 292 2849 950
317 2805 479 2860 thyrsa
494 2807 527 2844 P
533 2803 624 2903 d(cf.
643 2802 777 2847 Areh.
795 2803 876 2855 fiir
892 2804 967 2846 lat.
989 2803 1141 2848 Leoeic.
1163 2804 1283 2857 XII,
1300 2807 1434 2860 1900,
1453 2818 1501 2859 p.
1521 2805 1646 2860 123):
1671 2817 1816 2860 pensa
1841 2820 1884 2848 ω

326 2867 411 2906 955
442 2861 528 2905 teti
564 2861 581 2904 i
611 2866 643 2903 P

1563 2935 1619 2977 4ss
