2014 3138
178 88 263 131 XX
781 87 987 132 Editoris
1017 87 1264 145 praefatio.

180 229 478 290 paucissima
509 230 839 276 commutatae
872 243 895 276 e
919 231 968 276 et
990 229 1009 275 i
1032 216 1255 291 exempla
1279 229 1442 278 affero.
1510 245 1628 278 nam
1657 229 1872 291 plerum-

183 326 276 372 que
322 325 421 358 non
475 310 757 357 litterarum
803 309 1128 358 similitudine
1176 326 1310 359 error
1366 312 1408 359 is
1456 311 1592 360 ortus
1641 313 1736 372 est,
1790 309 1876 359 sed

181 450 353 498 formis
408 450 696 513 vulgaribus
751 450 934 498 inlatis.
1025 453 1192 499 tamen
1247 451 1396 499 Theb.
1435 451 1461 498 I
1503 453 1605 500 119
1660 399 1878 500 mgccm'as

181 533 288 593 ipse
341 530 572 579 librarius
628 531 769 579 docte
824 533 1054 593 correxit,
1098 527 1144 579 V
1183 533 1284 580 141
1333 532 1542 581 invalidi
1589 533 1774 597 legitur
1824 532 1878 580 in

184 613 437 661 Puteaneo
475 628 566 674 pro
607 627 665 660 cn
702 612 876 668 validi,
916 611 1041 660 VIII
1073 606 1144 662 40
1182 616 1235 662 in
1279 629 1369 677 pro
1410 627 1481 662 en.
1555 613 1730 662 deinde
1769 628 1792 661 e
1830 615 1881 662 et

183 695 200 742 l
231 695 429 742 litterae
468 693 530 741 ab
563 693 855 755 exemplaris
894 687 1097 743 librario
1138 695 1369 744 confusae
1407 697 1538 757 sunt,
1575 711 1692 744 nam
1727 695 1877 743 Theb.

173 762 254 823 ¹XI
287 777 394 824 470
448 775 731 835 salvumque
782 791 872 837 pro
927 782 1215 837 saevumque
1267 777 1509 839 scriptum
1564 779 1659 839 est,
1703 776 1776 824 XI
1808 777 1876 824 43

183 855 426 905 Aeternus
485 872 576 918 pro
618 853 865 905 Alternus.
959 851 1108 905 Theb.
1157 851 1283 904 VIII
1332 859 1437 906 204
1499 859 1880 920 transcripserat

182 938 415 986 librarius
449 938 629 987 codicis
661 937 902 987 Puteanei
937 939 1103 995 almer,
1145 938 1229 987 sed
1268 941 1441 988 statim
1479 941 1674 1004 cognito
1715 954 1878 988 errore
1965 978 1969 982 >

184 1021 202 1068 l
243 1019 415 1081 erasit,
464 1019 645 1068 oblitus
693 1022 860 1068 tamen
900 1025 928 1068 e
961 1020 1271 1069 substituere.
1350 1020 1559 1083 denique
1597 1016 1880 1070 vetustioris

186 1102 460 1164 scripturae
491 1102 938 1150 luculentissimum
961 1102 1239 1165 exemplum
1265 1104 1426 1150 exstat
1450 1100 1598 1150 Theb.
1622 1101 1749 1150 VIII
1775 1096 1878 1150 732

186 1183 271 1231 ubi
317 1199 407 1246 pro
454 1185 589 1231 saevi
632 1184 769 1243 sasai
806 1184 990 1247 legitur
1027 1185 1080 1231 in
1119 1184 1363 1232 Puteano:
1411 1184 1649 1246 capitales
1687 1184 1880 1232 litteras

188 1279 339 1314 SAEVI
370 1280 513 1312 nemo
544 1280 644 1312 non
677 1265 912 1328 agnoscit.
969 1267 1117 1327 atque
1149 1267 1206 1312 ut
1235 1266 1339 1314 iam
1363 1280 1605 1315 summam
1628 1258 1882 1330 longioris„

186 1346 490 1395 necessariae
543 1348 710 1394 tamen
765 1346 1116 1408 disputationis
1170 1346 1434 1409 faciamus,
1494 1348 1588 1397 hoc
1641 1346 1885 1396 scribendi

189 1444 364 1492 genere
397 1429 651 1476 exaratum
689 1427 840 1475 fuisse
872 1429 1260 1476 vetustissimum
1297 1425 1440 1476 illum
1478 1428 1674 1485 librum,
1716 1445 1744 1477 a
1784 1441 1883 1491 quo

188 1525 285 1558 uno
327 1509 491 1558 codice
530 1509 810 1557 intermisso
850 1511 999 1571 atque
1047 1525 1102 1558 ec
1141 1499 1429 1559 minusculis
1474 1511 1655 1559 litteris
1699 1511 1883 1572 scripto

190 1590 494 1639 descendisse
526 1590 830 1639 Puteaneum
868 1592 988 1639 satis
1027 1591 1438 1641 demonstravisse
1473 1591 1613 1640 nobis
1645 1591 1883 1641 videmur.

188 1673 323 1721 illius
364 1672 544 1720 codicis
583 1672 849 1737 vestigium
892 1674 1043 1721 etiam
1086 1673 1222 1721 aliud
1262 1674 1423 1722 exstat
1461 1672 1757 1736 subscriptio
1795 1673 1886 1721 illa

189 1755 463 1815 notissima,
494 1770 619 1815 quae
646 1755 699 1801 in
734 1754 829 1802 fine
856 1755 1022 1816 quarti
1046 1754 1323 1803 Thebaidos
1355 1748 1472 1802 fibri·
1501 1756 1554 1802 in
1578 1743 1883 1822 Putean001)

190 1837 395 1900 legitur:
431 1835 615 1883 Iuliani
646 1829 791 1902 u(iri)
825 1829 1133 1902 c(larissimi)
1168 1836 1351 1885 librum
1388 1837 1533 1884 illum
1570 1836 1722 1886 fuisse
1760 1835 1886 1884 mihi

191 1933 280 1980 pro
314 1917 569 1979 explorato
610 1919 695 1965 est.
710 1910 751 1983 ²)

307 2000 540 2060 quoniam
595 2000 665 2047 sic
718 2000 869 2047 etiam
923 1999 983 2046 ab
1032 2001 1271 2048 exteriore
1315 2002 1457 2062 parte
1503 2002 1560 2048 ut
1603 2001 1679 2048 ita
1725 1998 1886 2048 dicam

194 2081 356 2128 locum
397 2095 539 2127 suum
571 2079 819 2128 Puteaneo
851 2080 1224 2142 vindicavimus,
1263 2098 1409 2143 quem
1446 2081 1753 2143 praestantia
1790 2079 1884 2128 lec·

194 2163 386 2210 tionum
426 2175 625 2209 suarum
659 2162 877 2208 omnium
909 2161 1162 2209 doctorum
1194 2162 1376 2210 iudicio
1412 2163 1513 2209 iam
1546 2162 1885 2223 occupaverat,

194 2243 350 2290 restat
396 2244 451 2288 ut
489 2243 659 2303 paucis
700 2242 757 2289 de
798 2243 1042 2291 erroribus
1084 2258 1303 2306 agamuS,
1342 2258 1463 2305 quos
1503 2244 1696 2305 saepius
1736 2241 1884 2290 libra·

196 2381 316 2423 quae
349 2381 454 2410 cum
485 2367 554 2410 ita
586 2367 692 2422 sint,
724 2367 981 2412 rectissime
1013 2368 1128 2412 mihi
1152 2368 1336 2413 videtur
1366 2368 1598 2412 iudicasse
1623 2367 1886 2412 Fridericus

196 2433 403 2477 Vollmer
449 2435 580 2490 (mus.
608 2434 753 2478 Rhen.
780 2434 850 2488 LI,
886 2439 1013 2488 1896,
1045 2450 1089 2491 p.
1118 2439 1172 2478 29
1206 2435 1310 2479 adn.
1340 2437 1395 2492 1),
1437 2435 1517 2492 qui
1560 2435 1766 2481 Ite-struit
1802 2448 1886 2491 pro

197 2500 398 2556 genuino
430 2500 585 2545 habet.

320 2569 361 2622 1)
408 2568 519 2610 nota
565 2567 653 2611 hoc
699 2582 791 2611 uno
838 2567 940 2613 loco
988 2571 1313 2626 argumentum
1360 2569 1682 2614 monostichon
1736 2581 1887 2614 serva-

200 2635 301 2677 tum
335 2647 446 2676 esse.

319 2702 362 2757 2)
395 2713 532 2756 quem
559 2700 799 2745 Julianum
831 2702 1029 2746 eundem
1062 2715 1174 2756 esse,
1208 2702 1282 2745 cui
1306 2702 1570 2747 Priscianus
1603 2716 1718 2759 opus
1751 2716 1885 2746 suum

201 2766 448 2821 dedicavit,
482 2767 691 2823 speciosa
716 2768 918 2824 quidem,
952 2768 1033 2812 sed
1058 2768 1367 2813 incertissima
1393 2769 1657 2814 coniectura
1681 2766 1888 2812 Vollmer

201 2833 417 2887 opinatus
451 2835 540 2878 est:
574 2849 688 2878 mus.
716 2835 861 2879 Rhen.
887 2834 945 2877 LI
975 2836 1126 2892 (1896)
1157 2851 1202 2892 p.
1230 2840 1283 2879 27
1318 2836 1423 2880 adn.
1452 2841 1490 2879 1.
1546 2835 1688 2879 etiam
1720 2833 1885 2879 Chate-

202 2897 372 2941 lainius
405 2899 433 2943 l.
468 2899 496 2943 1.
532 2901 591 2944 ad
624 2901 744 2945 hanc
777 2901 1056 2947 sententiam
1086 2916 1258 2958 pronus
1293 2903 1404 2947 erat.
