2014 3138
764 59 982 123 *Editor-is
1012 57 1257 116 praefatio.
1782 51 1869 96 VII

179 224 304 271 quae
349 205 487 254 uncis
533 202 726 263 inclusi,
773 215 912 249 erasa
958 201 1073 247 sunt
1127 213 1182 245 ac
1228 199 1310 246 vix
1347 195 1726 257 perspiciuntur.
1811 206 1869 240 ex

178 291 271 338 hac
301 290 421 336 nota
450 285 719 334 rectissime
752 282 995 331 conclusit
1027 278 1145 327 Otto
1178 270 1408 343 Munerl)
1442 275 1658 324 codicem
1688 273 1868 321 Putea-

180 387 327 419 neum
382 368 501 415 olim
554 364 848 429 pertinuisse
888 362 951 410 ad
998 361 1366 423 bybliothecam
1414 356 1703 406 monasterii
1753 352 1868 402 Cor-

180 450 390 500 beiensis
436 449 638 508 veteris,
690 446 827 494 cuius
865 445 1103 506 patronus
1143 443 1339 490 sanctus
1386 438 1561 486 Petrus
1618 436 1869 499 apostolus

181 533 291 579 fuit.
354 529 482 577 unde
522 528 649 576 sicut
688 527 811 574 alios
850 525 1002 573 libros
1034 540 1072 571 e.
1106 540 1150 586 g.
1183 521 1296 570 Livi
1325 521 1646 580 Puteaneum,
1684 519 1736 565 in
1775 518 1872 565 viri

180 613 317 660 illius
342 610 476 658 docti
499 623 672 657 manus
706 606 928 669 quolibet
957 604 1102 653 modo
1135 603 1318 651 librum
1346 601 1626 664 pervenisse
1651 600 1870 661 apparet.

183 692 352 741 eodem
391 693 589 739 auctore
631 688 1041 750 subscriptionem
1084 701 1208 747 quae
1248 685 1322 732 est
1364 684 1423 731 de
1469 684 1635 746 priore
1675 681 1871 729 domino

181 775 235 821 in
275 773 406 821 calce
445 771 577 832 libri,
616 770 828 818 deletam
868 783 970 816 esse
1008 768 1155 815 facile
1194 766 1289 814 tibi
1325 766 1640 827 persuaseris.

293 855 490 915 praeter
527 852 787 899 librarium
824 851 989 912 ipsum
1026 864 1140 895 rara
1180 849 1507 895 correctorum
1543 848 1755 910 vestigia
1795 862 1873 894 ex-

184 937 320 983 stant
356 936 411 981 in
448 933 710 980 Puteaneo.
789 947 814 978 e
855 929 1030 991 quibus
1073 943 1198 976 unus
1237 929 1318 976 vel
1356 927 1452 975 duo
1493 943 1613 989 quos
1652 929 1772 976 nota
1809 929 1875 976 Ρο

185 1014 639 1077 comprehendimus
677 1039 750 1045 —
788 1027 948 1073 neque
987 1011 1118 1058 enim
1162 1010 1307 1057 facile
1355 1023 1435 1057 eos
1483 1009 1763 1057 distinxeris
1803 1035 1876 1041 —

186 1098 348 1144 aetate
372 1097 470 1157 ipsi
500 1094 703 1144 librario
736 1093 836 1141 fere
868 1106 1010 1154 pares
1035 1105 1137 1139 esse
1160 1090 1404 1138 videntur.
1466 1090 1624 1138 multo
1656 1093 1769 1152 post
1793 1105 1875 1139 eos

184 1177 478 1225 recentiores
520 1174 721 1236 quidam
760 1189 870 1221 cum
907 1172 1216 1235 perlegerent
1253 1172 1436 1219 librum
1475 1174 1524 1219 et
1563 1187 1674 1219 cum
1705 1173 1875 1235 vulga-

185 1257 321 1305 ribus
369 1257 726 1318 compararent,
770 1257 914 1302 notas
962 1253 1201 1315 quasdam
1241 1254 1554 1314 asperserunt
1592 1253 1876 1315 levioraque

186 1338 363 1386 menda
403 1337 815 1385 emaculaverunt.
891 1334 1065 1382 horum
1112 1335 1440 1382 correctorum
1488 1334 1704 1381 aetatem
1744 1335 1877 1382 recte

186 1420 310 1467 mihi
355 1418 553 1467 videtur
607 1417 917 1465 constituisse
965 1413 1082 1463 Otto
1128 1414 1329 1475 Miiller‚
1385 1416 1471 1476 qui
1517 1415 1711 1462 saeculo
1759 1414 1877 1463 duo-

187 1500 376 1548 decimo
410 1499 491 1547 vel
520 1499 668 1546 tertio
701 1497 888 1545 decimo
920 1511 1001 1544 eos
1034 1495 1237 1544 addixit.
1299 1511 1388 1543 nec
1417 1497 1584 1543 tamen
1617 1497 1880 1557 quisquam

188 1596 357 1629 eorum
394 1582 556 1628 totum
594 1578 776 1626 librum
813 1578 1071 1625 recensuit.
1140 1591 1229 1624 nos
1267 1591 1357 1638 pro
1396 1577 1593 1624 lectoris
1625 1576 1878 1625 commodo

189 1661 253 1709 ad
291 1678 445 1708 unum
485 1674 650 1709 omnes
691 1674 772 1707 eos
811 1660 930 1706 nota
967 1659 1032 1706 Pr
1077 1657 1476 1721 significavimus.
1553 1658 1736 1705 librum
1774 1657 1878 1707 Mo-

190 1742 422 1790 nachium
458 1742 802 1788 transmissum
841 1740 1027 1787 contuli
1064 1740 1182 1800 ipse.

304 1823 452 1883 atque
475 1821 633 1868 redire
657 1820 964 1867 Puteaneum
988 1818 1203 1867 codicem
1227 1819 1290 1866 ad
1312 1820 1704 1867 vetustissimum
1728 1819 1880 1881 quod-

191 1903 306 1950 dam
345 1902 593 1963 exemplar
630 1901 916 1948 lacunosum
955 1902 1005 1948 et
1042 1899 1259 1961 undique
1292 1899 1521 1948 adrosum
1551 1901 1720 1949 multis
1760 1901 1881 1949 locis

193 1982 552 2045 comprobatur.
614 1983 858 2043 imprimis
897 1983 1065 2029 autem
1102 1983 1156 2028 in
1186 1980 1463 2029 Achilleide
1501 1981 1620 2030 fines
1651 1996 1884 2030 versuum

191 2063 325 2113 haud
364 2064 512 2112 semel
550 2063 771 2110 mutilati
809 2065 936 2124 sunt,
975 2064 1049 2110 ita
1087 2065 1144 2109 ut
1175 2062 1300 2110 duae
1331 2063 1412 2110 vel
1442 2064 1540 2110 tres
1572 2063 1769 2111 litterae
1800 2064 1882 2111 vel

191 2160 292 2192 una
331 2145 506 2192 saltem
543 2144 795 2206 perierint,
836 2158 956 2205 quas
996 2143 1128 2205 quod
1165 2143 1396 2191 librarius
1429 2143 1487 2191 de
1528 2158 1614 2192 suo
1655 2145 1882 2206 supplere

192 2226 421 2286 noluerit,
461 2240 678 2273 summae
718 2226 764 2271 ei
794 2223 932 2271 laudi
960 2225 1246 2272 tribuemus.
1307 2225 1396 2272 hos
1428 2226 1559 2272 enim
1588 2225 1740 2273 velim
1771 2240 1881 2273 con-

194 2307 375 2355 sideres
414 2306 547 2353 locos
587 2321 645 2353 ex
675 2305 950 2353 Achilleide
988 2306 1170 2368 petitos
1215 2331 1278 2338 —
1320 2321 1436 2353 nam
1472 2307 1606 2354 intra
1643 2306 1732 2354 hos
1761 2305 1881 2353 fines

194 2388 248 2434 in
301 2388 586 2435 universum
644 2401 732 2434 nos
791 2386 1147 2434 continebimus
1162 2423 1174 2447 ‚
1240 2388 1422 2449 quippe
1477 2387 1563 2447 qui
1614 2385 1885 2434 Achilleidi

197 2469 347 2515 simus
385 2467 661 2529 praefatur-i
699 2483 800 2514 ——z

550 2548 611 2595 *Ι
652 2549 682 2595 2
723 2548 817 2607 celo
856 2563 948 2596 om.
987 2542 1069 2610 P¹‚
1109 2547 1218 2595 add.
1256 2549 1323 2596 Pc

551 2627 612 2675 *Ι
653 2630 720 2677 1Ο
749 2629 896 2689 pulso
936 2645 1027 2677 om.
1067 2633 1111 2677 P
1151 2628 1321 2676 addita
1357 2630 1478 2691 nota

320 2792 362 2846 1)
408 2789 571 2833 Electa
603 2788 827 2833 Statiana.
874 2804 1028 2847 progr.
1076 2789 1282 2834 Berolini
1331 2794 1443 2833 1882
1490 2805 1534 2844 p.
1576 2793 1642 2831 12.
1707 2787 1885 2832 ibidem

197 2855 494 2899 librariorum
525 2869 680 2899 versus
713 2855 762 2897 in
792 2855 882 2899 fine
915 2856 1127 2912 adpictos
1159 2855 1378 2899 invenies.
