2014 3138
175 78 209 129 2
214 77 246 129 6
782 79 834 125 Ρ.
865 79 1071 123 ΡΑΡΙΝἹ
1102 79 1277 124 STATI

167 231 266 266 nec
306 213 495 266 modus
535 217 628 266 aui:
667 232 827 268 arcus
858 215 1061 267 lentare
1101 218 1194 268 aut
1230 215 1452 268 fundere
1493 217 1712 287 glandes

168 304 261 354 aut
298 304 499 355 torrere
539 302 695 355 sudes
736 303 1022 374 galeasque
1061 304 1306 357 afflzollere
1347 305 1510 358 conis

169 390 269 443 hos
309 391 450 443 inter
487 394 667 443 motus
707 391 919 462 pigram
960 391 1128 462 gemit
1165 410 1272 445 una
1311 393 1547 461 quietem

165 477 443 532 Thessalia
481 483 535 532 et
574 480 803 550 geminis
846 480 1058 534 incus-ab
1094 481 1206 533 fata
1245 482 1512 552 querellis,

165 568 310 635 quod
349 567 526 621 senior
563 567 755 620 Peleus
793 587 894 622 nec
933 569 1107 623 adhuc
1146 573 1386 622 maturus
1424 569 1682 624 Achilles.
1799 593 1867 626 440

312 656 420 708 iam
465 655 682 725 Pelopis
728 659 897 709 terras
943 655 1268 726 Graiumque
1314 658 1633 712 exhauserat
1679 659 1864 714 orbem

164 744 526 812 praecipissans
565 744 623 797 in
659 748 896 797 {aranstra
933 746 1078 798 viros
1117 746 1336 799 insanus
1376 765 1649 816 equosque

163 832 513 901 Bellipotens.
590 833 801 886 :fervent
838 837 1027 902 portus
1066 837 1121 886 et
1161 838 1347 903 operta
1385 835 1582 888 carinis

163 924 353 991 stagna
393 938 622 990 suasque
660 922 864 975 hiemes
904 922 1091 975 classis
1129 926 1378 991 promota
1416 941 1648 993 suosque

162 1010 364 1062 attollifi
401 1010 621 1080 flucizus3
660 1011 839 1079 ipsum
878 1010 985 1063 iam
1024 1011 1299 1080 puppibus
1339 1030 1539 1081 aequor
1795 1033 1862 1067 44⁶

161 1098 343 1151 deficit
382 1101 436 1151 et
472 1101 617 1151 totos
657 1102 982 1152 consumunfi
1022 1099 1241 1153 carbasa
1279 1103 1484 1153 ventos.

309 1186 483 1255 prima
519 1187 649 1240 ratis
689 1185 902 1240 Danaas
942 1186 1200 1241 Hecateia
1240 1192 1532 1260 congregat
1570 1187 1743 1259 Aulis,

158 1274 383 1343 rupibus
422 1275 680 1343 expositis
718 1276 976 1346 longique
1017 1276 1286 1345 crepidine
1325 1277 1470 1330 dorsi

158 1362 464 1416 Euboicum
504 1364 762 1420 scandens
801 1362 958 1417 Aulis
998 1383 1158 1433 mare,
1197 1365 1358 1417 litora
1396 1366 1629 1418 multum

159 1452 498 1523 montivagae
539 1452 734 1505 dilecta
773 1453 915 1521 deae,
955 1453 1210 1522 iuxtaque
1251 1451 1554 1522 Caphereus
1792 1475 1861 1508 450

155 1541 411 1593 latratum
451 1541 643 1611 pelago
683 1541 879 1594 tollens
921 1545 1096 1610 caput.
1172 1542 1263 1594 ille
1302 1540 1554 1612 Pelasgas

157 1632 218 1681 ub
256 1629 392 1681 vidit
429 1632 639 1681 tranare
677 1632 834 1700 raim,
872 1632 955 1682 ter
992 1632 1176 1683 monte
1213 1633 1297 1683 ter
1334 1630 1491 1683 undis

158 1717 394 1770 intonuit
433 1735 725 1786 saevaeque
765 1718 910 1771 dedit
948 1719 1227 1789 praesagia
1263 1719 1454 1772 noctis,

158 1810 342 1859 coetus
382 1805 458 1858 ibi
498 1824 767 1859 armorum
807 1805 997 1859 Troiae
1035 1806 1230 1875 fatalis,
1270 1807 1347 1859 ibi
1386 1807 1575 1878 ingens

156 1895 363 1947 iuratur
400 1894 618 1962 bellum,
659 1895 828 1948 donec
868 1896 951 1947 sol
989 1913 1197 1948 annuus
1238 1913 1421 1948 omnes
1789 1915 1857 1950 455

157 1984 444 2036 conficeret
483 1986 666 2035 metas,
742 1987 873 2036 tunc
916 1984 1151 2052 primum
1193 1981 1412 2037 Graecia
1450 1983 1588 2036 vires

274 2158 524 2213 Exempla:
571 2160 657 2200 440
690 2156 789 2200 silv.
815 2157 857 2200 11
885 2162 924 2212 1,
951 2161 1005 2200 90
1039 2156 1192 2201 senior
1221 2157 1399 2201 Peleus.
1463 2158 1523 2212 ef.
1554 2157 1674 2201 Hom.
1700 2157 1721 2200 Ι
1745 2161 1848 2213 438,

274 2323 359 2361 436
386 2317 580 2362 fundere
605 2317 797 2374 (findere
823 2318 890 2375 α’)
1014 2322 1099 2361 437
1118 2319 1199 2362 aut
1222 2317 1386 2361 tollere
1412 2319 1512 2374 (aut)
1535 2318 1587 2362 in
1609 2331 1699 2363 ras.
1720 2318 1793 2375 αἱ)
1819 2322 1854 2368 α

274 2381 359 2420 438
392 2390 486 2420 una
510 2381 562 2421 P:
597 2391 678 2421 ora
710 2379 804 2433 (ore
830 2381 880 2434 Q.)
906 2391 951 2421 ω
1073 2381 1158 2420 439
1192 2376 1434 2420 Thessalia
1456 2381 1511 2420 P:
1544 2376 1780 2422 Thessalis
1806 2392 1852 2422 ω

273 2441 359 2479 440
383 2436 563 2492 pelleus
587 2439 731 2493 negata
754 2436 845 2479 huc
868 2441 901 2479 P
1015 2440 1098 2479 441
1127 2437 1405 2493 gratumque
1431 2439 1466 2483 Q,
1579 2440 1664 2480 442
1689 2438 1852 2482 transa

153 2500 185 2537 P
307 2500 391 2538 443
424 2497 595 2551 pontus
629 2498 676 2540 et
711 2497 875 2552 aperta
900 2501 927 2538 c
1048 2499 1135 2538 444
1168 2507 1454 2551 suasuasque
1484 2499 1517 2538 P
1637 2499 1724 2539 445
1756 2495 1853 2540 iam

154 2567 183 2597 a
213 2554 451 2610 puppibus
492 2560 540 2597 C:
589 2554 743 2614 iam}
780 2554 1018 2611 puppibus
1052 2557 1087 2602 Q
1133 2555 1261 2610 (eras.
1293 2556 1340 2610 a)
1522 2557 1607 2597 447
1647 2553 1764 2599 ratis
1792 2558 1849 2614 P:

153 2615 277 2657 rates
310 2628 355 2657 ω
512 2617 596 2656 449
631 2613 879 2657 scandens:
914 2612 1129 2657 scindens
1162 2626 1263 2657 cum
1297 2612 1486 2657 Menkio
1511 2612 1848 2659 Kohlmannus.

153 2677 202 2715 at
243 2672 461 2716 Aulidem
507 2673 558 2715 in
604 2686 717 2728 rupe
749 2673 1034 2729 prominente
1071 2673 1207 2716 sitam
1244 2671 1380 2729 ftnyz't
1410 2676 1575 2727 poetam
1621 2672 1678 2726 cf.
1717 2671 1848 2717 Theb.

155 2731 216 2773 ΙΙ
235 2734 307 2783 44,
332 2731 413 2775 ubi
436 2731 539 2774 item
565 2731 787 2775 scandere
805 2732 1001 2787 probum
1025 2735 1089 2775 est
1252 2735 1338 2773 450
1365 2728 1616 2788 Centivage
1641 2730 1693 2773 0¹
1716 2732 1846 2787 (corr.

153 2788 220 2844 0³)
387 2790 644 2845 caphareus
685 2796 713 2833 c
894 2794 977 2834 451
1019 2788 1271 2846 pelasgans
1319 2791 1367 2846 (n
1413 2789 1496 2834 del.
1537 2792 1612 2845 Pr)
1637 2793 1670 2832 P

154 2880 238 2919 452
271 2860 460 2931 tranat&
493 2880 621 2934 (corr.
655 2877 725 2934 1²¹)
751 2883 784 2920 P
964 2882 1049 2921 455
1083 2890 1241 2921 omnes
1274 2891 1340 2921 w:
1378 2889 1535 2920 amnes
1567 2880 1600 2919 P
