2014 3138
741 121 1138 168 ACHILLEIDOS
1170 122 1218 166 L.
1251 122 1285 165 I.
1789 120 1856 171 21

167 264 306 330 nate,
344 261 482 314 feres
522 259 850 326 comitesque
889 258 1062 310 modis
1101 256 1378 309 imitabere
1418 256 1573 324 fictis,
1797 276 1863 308 340

170 367 237 402 ne
275 351 330 402 te
370 351 678 416 suspectum
717 346 870 398 molli
908 364 1019 398 non
1057 346 1280 398 misceat
1319 345 1471 397 aulae

169 440 345 491 rector
382 439 436 489 et
473 435 674 504 incepti
712 437 932 503 pereant
970 433 1246 486 mendacia
1283 432 1448 485 furti.⁹

171 524 302 578 dicit
339 527 393 576 et
431 524 646 576 admoto
684 540 795 575 non
834 522 1005 574 distat*
1035 539 1244 575 comere
1282 523 1446 574 tactu.

172 613 249 666 sic
286 612 380 664 ubi
417 611 673 682 virgineis
711 609 916 664 Hecate
954 610 1151 662 lassata
1189 608 1485 677 Therapnis

171 701 237 754 ad
274 703 479 769 patrem
518 700 845 766 fratremque
883 698 1036 766 redit,
1078 715 1254 751 comes
1293 697 1477 749 haeret
1516 696 1664 747 eunti
1799 715 1864 749 345

170 791 341 841 mater
379 791 433 841 et
470 788 588 857 ipsa
625 805 839 839 umeros
880 789 1163 853 exertaque
1202 785 1456 838 bracchia
1492 785 1657 854 velat3

170 877 290 946 ipsa
328 894 509 933 arcum
549 876 931 944 pharetrasque
969 875 1114 927 locat
1150 876 1459 941 vestemque
1498 873 1754 924 latentem

172 964 387 1018 deducit
426 981 742 1033 sparsosque
781 966 954 1015 tumet
994 980 1295 1030 conponere
1340 961 1526 1014 crines,

320 1052 565 1120 protinus
613 1051 919 1121 adgreditur
956 1068 1138 1121 regem
1179 1053 1339 1117 atque
1379 1049 1456 1101 ibi
1494 1047 1721 1101 testibus
1762 1047 1866 1100 aris

173 1140 331 1194 ‘hanc
368 1140 489 1192 tibi'
529 1140 618 1208 ait,
659 1139 850 1192 ‘nostri
890 1157 1211 1209 germanam,
1249 1140 1440 1205 rector,
1478 1135 1710 1190 Achillis
1802 1156 1868 1189 350

171 1259 245 1266 —
268 1246 446 1280 nonne
477 1227 640 1297 vides,
678 1230 740 1279 ut
777 1231 930 1279 torva
969 1245 1130 1297 genas
1163 1226 1544 1293 aequandaque
1582 1223 1771 1276 fratri?
1797 1254 1867 1260 —

174 1316 454 1369 tradimus:
494 1334 641 1367 arma
678 1315 876 1367 umeris
917 1332 1205 1382 arcumque
1245 1313 1485 1365 animosa
1523 1312 1740 1381 petebat

172 1405 309 1457 ferre
349 1407 402 1456 et
439 1402 735 1455 Amazonio
777 1402 1006 1456 conubia
1045 1403 1243 1470 pellere
1280 1401 1404 1453 ritu.

175 1493 267 1545 sed
305 1491 439 1544 mihi
480 1510 725 1545 curarum
765 1491 893 1543 satis
933 1493 1015 1542 est
1053 1508 1150 1558 pro
1192 1490 1359 1557 stirpe
1398 1489 1564 1541 virili:

171 1580 306 1634 haec
344 1579 582 1633 calathos
622 1582 677 1631 et
715 1597 864 1632 sacra
901 1579 1052 1647 ferat,
1094 1581 1155 1630 tu
1193 1577 1380 1647 frange
1419 1577 1651 1647 regendo
1804 1596 1868 1628 355

175 1669 463 1721 indocilem
503 1686 738 1734 sexuque
777 1670 915 1734 tene,
954 1667 1080 1718 dum
1118 1665 1320 1717 nubilis
1361 1669 1504 1717 aetas
1790 1665 1793 1667 “

177 1755 566 1822 solvendusque
604 1755 798 1824 pudor3
836 1773 970 1806 neve
1010 1771 1252 1806 exercere
1292 1756 1566 1820 protervas

302 1899 596 1943 Testimonia:
613 1902 698 1941 344
713 1897 873 1940 Senon.
887 1897 1001 1941 Stat.
1017 1897 1159 1940 Theb.
1174 1897 1237 1939 III
1251 1901 1335 1939 422
1355 1896 1645 1952 Therapnas:
1666 1895 1869 1939 civitatis

176 1971 346 2002 nomen
378 1959 448 2001 est
477 1957 526 2000 in
551 1957 694 2012 Lycia
726 1956 790 2012 (in
814 1956 1044 1999 Laconica
1075 1970 1139 1999 an
1162 1955 1302 2011 Lycio
1313 1955 1352 2012 .9)
1384 1955 1593 2011 Apollini
1625 1968 1756 1997 sacra
1786 1967 1871 1997 nec

179 2016 413 2131 {ligi-1533
418 2016 536 2118 Seius
568 2015 793 2070 religione
819 2015 1110 2068 dissentiens,
1142 2016 1196 2058 ut
1226 2014 1326 2070 ipse
1351 2014 1466 2057 alibi
1493 2014 1688 2057 ‘Hecate
1712 2013 1871 2056 laxata

301 2211 386 2250 340
418 2206 660 2250 imitavere
690 2210 723 2247 P
845 2210 929 2248 342
962 2205 1128 2248 incerti
1154 2209 1227 2253 co„
1347 2208 1431 2247 343
1465 2203 1611 2247 distat
1633 2208 1686 2247 P:
1721 2204 1872 2246 cessat

180 2265 1291 2380 ΐοιιῖἰέξῗᾎὲἕέίᾱπἆῗᾶωοωέὲῗιῆἑέῗὲἶέ
1297 2298 1304 2306 ·
1321 2264 1475 2364 51οέοὲ
1476 2263 1873 2364 ωῆἷῖᾆέθξῑοῃῗᾝέᾝ

182 2383 263 2437 (sic
292 2383 487 2426 eorreoea
511 2337 896 2426 Miffsobherzichius
926 2382 978 2424 in
1002 2382 1106 2425 edit.
1131 2337 1282 2438 hyena.
1312 2382 1447 2424 Hom.
1473 2356 1526 2423 lm
1552 2354 1658 2424 Oerf
1666 2392 1715 2434 p.
1741 2380 1868 2434 147):

180 2440 439 2495 therapinis
456 2446 507 2483 P:
533 2440 764 2495 pharetris
782 2455 827 2484 ω
931 2444 1014 2482 347
1035 2453 1145 2482 arcu
1161 2439 1473 2494 pharetraque
1490 2438 1615 2481 levat
1634 2438 1872 2490 Schrader,

184 2498 388 2542 Kochius
419 2501 540 2541 1865
564 2513 614 2553 p.
649 2502 706 2541 13
826 2500 1093 2554 vestemque
1140 2498 1365 2541 latentem
1395 2502 1447 2540 P:
1496 2509 1658 2552 -esque
1701 2509 1769 2539 -es
1802 2510 1869 2539 w:

183 2569 344 2611 -esque
388 2555 583 2599 fluentes
630 2557 836 2601 Kochius
881 2558 907 2600 l.
950 2558 976 2599 l.
1015 2562 1064 2600 at
1108 2561 1220 2599 recte
1252 2556 1422 2599 Barthi
1468 2555 1710 2599 scholiasta
1748 2554 1872 2597 intra

101 2617 104 2620 ’
183 2626 337 2670 genua
369 2616 415 2657 et
447 2614 705 2657 succinctas
736 2615 934 2670 eoeplicat
963 2615 1163 2657 latentes
1300 2618 1384 2656 348
1415 2615 1565 2656 tumet
1600 2613 1872 2665 Gronovius,

183 2673 428 2717 Heinsius:
476 2671 612 2715 timet
641 2677 776 2716 PcE:
826 2673 983 2716 studet
1027 2674 1094 2728 (in
1125 2686 1213 2716 ras.
1248 2685 1302 2715 eoe
1332 2673 1482 2714 tumet
1524 2672 1591 2716 vel
1620 2670 1789 2714 timet?
1821 2672 1870 2726 Q)

184 2735 267 2780 KQ,
387 2734 472 2774 350
507 2730 689 2773 achillis
714 2736 771 2774 K:
806 2730 998 2774 achilles
1023 2736 1076 2774 P:
1111 2730 1272 2773 achilli
1297 2734 1370 2777 σα
1491 2734 1573 2773 351
1605 2742 1741 2772 cenas
1765 2733 1798 2770 P

186 2794 270 2833 353
302 2789 440 2832 Ferre
473 2791 514 2844 (e
545 2789 683 2843 finale
713 2803 746 2832 s.
780 2803 817 2832 v.
851 2789 921 2844 P1)
1084 2793 1168 2831 356
1202 2801 1403 2844 sexuque
1434 2792 1554 2836 PQE
1589 2789 1656 2842 (ut
1686 2787 1873 2832 coniecit

184 2847 550 2893 Sandstroemius
580 2849 706 2890 1878
728 2860 777 2902 p.
812 2847 908 2903 39):
951 2860 1200 2902 sexumque
1231 2853 1288 2889 K:
1335 2859 1564 2901 sensuque
1596 2848 1665 2902 (ns
1699 2847 1749 2889 in
1779 2859 1869 2889 ras.

187 2906 255 2962 0⁴)
282 2912 309 2949 c
470 2910 553 2949 357
578 2907 816 2961 protervas
841 2919 906 2948 w:
941 2907 1148 2948 catervas
1172 2910 1205 2947 P
