2014 3138
740 90 945 135 Editoris
975 90 1219 148 praefatio.
1723 93 1830 136 XIX

147 229 206 278 de
245 230 278 278 d
316 233 366 279 et
406 231 432 278 b
473 231 685 278 confusis
725 230 784 278 cf.

432 311 579 359 Theb.
613 311 685 358 VI
718 312 822 359 859
863 312 1089 360 odtritam
1125 315 1190 362 P:
1230 313 1451 360 obtritam
1489 326 1540 361 ω

615 429 686 476 ΧΙ
719 430 820 478 521
863 380 1084 494 ναίῖὶθηέθε
1120 425 1209 478 Pl:
1248 432 1468 478 rubentes
1507 445 1557 478 ω

144 509 256 558 dein
309 509 367 558 de
420 524 447 556 r
499 513 548 558 et
601 511 628 558 b
682 511 741 560 cf.
789 510 937 558 Theb.
982 510 1080 558 VH
1129 512 1195 559 65
1251 506 1714 579 muyiberefractiffl)
1763 517 1830 562 P:

142 593 327 652 muyire
362 592 587 651 refractis
625 606 690 640 ω.
768 591 1070 640 dubitaveris
1109 593 1317 642 fortasse
1356 593 1415 641 de
1452 595 1679 656 reliquis:

423 672 570 720 Theb.
603 672 728 720 VIII
761 673 866 721 540
905 674 1116 721 harenas
1153 677 1219 721 Px
1255 674 1471 722 habenas
1510 688 1560 722 w

690 754 734 801 Χ
768 755 873 802 500
913 754 1096 815 ligabat
1131 758 1197 803 P:
1236 755 1417 815 liyarat
1455 748 1559 821 (02)

145 833 293 882 Theb.
326 835 371 882 X
404 836 434 883 2
478 837 547 883 sic
586 837 639 882 in
670 835 919 884 Puteaneo
953 838 1126 897 exstat,
1163 838 1220 883 ut
1250 836 1517 897 properata
1548 838 1613 884 sit
1641 837 1829 884 factum

140 915 201 964 ab
239 917 347 979 ipso
387 902 589 964 librario
622 933 679 964 ex
709 917 989 977 proderata.
1063 919 1115 964 in
1155 917 1323 966 eodem
1362 917 1488 966 libro
1518 934 1563 966 v.
1599 919 1700 965 881
1736 935 1826 980 pro

139 999 352 1060 genuina.
390 998 599 1045 lectione
639 1011 784 1058 rupes
823 999 996 1046 ceteris
1036 997 1174 1047 libris
1214 1001 1408 1047 servata
1446 1000 1586 1047 rudis
1623 1001 1826 1063 legitur:

139 1081 348 1140 apparet
384 1080 524 1139 rupis
553 1080 606 1125 in
631 1078 977 1127 Vetustissimo
1015 1080 1104 1127 illo
1143 1079 1268 1128 libro
1308 1080 1470 1128 fuisse.
1543 1081 1602 1128 de
1633 1082 1824 1129 littera-

138 1175 248 1206 rum
296 1160 322 1206 b
370 1162 419 1207 et
460 1175 500 1220 p
540 1161 824 1208 confusione
862 1176 1020 1222 pauca
1063 1160 1188 1209 addo
1229 1163 1419 1209 omissis
1459 1163 1527 1210 eis
1566 1163 1700 1223 locis,
1739 1163 1825 1210 ubi

139 1239 410 1288 occubandi
465 1242 514 1288 et
561 1240 831 1303 occupandi
876 1242 957 1289 vel
1000 1241 1234 1289 turbandi
1287 1245 1335 1290 et
1387 1243 1623 1304 turpandj
1674 1243 1826 1292 verba

138 1321 201 1368 ad
240 1321 501 1369 errandum
542 1337 711 1370 ansam
750 1321 1000 1370 dederunt.
1063 1337 1179 1370 110111
1209 1324 1261 1370 111
1299 1323 1375 1372 his
1406 1325 1511 1372 iure
1543 1326 1651 1386 quis
1685 1324 1822 1372 dubi-

134 1403 331 1464 taverit,
368 1420 487 1450 num
525 1404 804 1451 litterarum
842 1404 1165 1452 similitudine
1204 1407 1522 1453 commutatio
1566 1406 1698 1453 facta
1743 1408 1820 1454 sit.

136 1485 334 1547 gravius
364 1485 466 1532 iam
491 1487 576 1547 est,
604 1484 734 1547 quod
759 1484 907 1532 Tbeb.
931 1485 1028 1532 XII
1053 1487 1157 1533 243
1183 1487 1475 1534 subiuautur
1497 1488 1549 1533 in
1573 1486 1821 1535 Puteaneo

134 1567 389 1613 exaratum
435 1567 529 1627 est,
580 1567 924 1629 gravissimum
971 1567 1102 1628 quod
1147 1567 1191 1613 X
1233 1567 1336 1614 659
1385 1569 1438 1614 111
1483 1583 1601 1617 voce
1639 1569 1818 1628 plebes,

133 1645 204 1692 XI
237 1646 340 1693 589
395 1647 447 1693 in
492 1647 688 1706 pallida
739 1648 908 1695 littera
944 1663 983 1707 χο
1032 1664 1088 1696 ex
1136 1649 1162 1696 b
1210 1651 1426 1697 correcta
1477 1652 1550 1698 est
1601 1649 1662 1697 ab
1709 1651 1818 1711 ipso

44 1743 45 1747 ¹
135 1726 351 1787 librario,
391 1729 691 1775 contrarium
730 1744 843 1776 vero
882 1728 1070 1776 factum
1109 1732 1183 1776 est
1212 1729 1283 1776 XI
1316 1730 1384 1777 30
1423 1731 1475 1776 in
1514 1745 1630 1778 voce
1669 1732 1817 1778 rabie.

28 1818 36 1823 ·
132 1806 263 1855 hisce
303 1807 422 1856 locis
461 1809 514 1855 111
553 1809 820 1869 exemplari
857 1824 1026 1857 revera
1055 1824 1095 1869 p
1133 1825 1222 1871 pro
1264 1811 1290 1857 b
1330 1812 1379 1857 et
1415 1810 1626 1858 invicem
1666 1812 1818 1860 fuisse

132 1888 254 1936 mihi
292 1903 581 1950 persuasum
619 1892 703 1937 est.
766 1891 866 1936 iam
899 1890 1136 1951 quasdam
1168 1891 1446 1939 litterarum
1478 1892 1511 1939 d
1542 1894 1591 1940 et
1621 1908 1648 1939 r
1687 1909 1816 1941 com-

132 1971 429 2018 mutationes
469 1986 718 2018 enumero:

287 2050 434 2099 Theb.
468 2050 540 2097 IV
573 2052 678 2099 280
722 2050 882 2100 Crura
919 2055 985 2099 P:
1027 2051 1195 2100 Cruda
1234 2067 1284 2101 ω

417 2131 541 2179 VIII
574 2133 675 2180 291
718 2133 906 2180 videtur
942 2136 1007 2181 1²:
1047 2137 1234 2182 veretur
1273 2148 1323 2182 ω

496 2257 539 2304 Χ
573 2259 676 2305 479
716 2206 909 2318 ἱνηρεῇίέ
944 2253 1030 2306 Pl:
1069 2260 1268 2319 impedit
1305 2274 1354 2308 ω

444 2338 541 2411 XII
574 2339 675 2386 616
709 2340 861 2398 pidea
898 2343 962 2387 P:
992 2341 1197 2399 piraeea
1235 2341 1315 2388 vel
1354 2343 1458 2389 sim.
1501 2335 1608 2408 003)

250 2493 291 2547 1)
329 2505 494 2547 parum
533 2496 801 2537 accuratum
839 2494 915 2536 1110
955 2507 1137 2550 quoque
1168 2495 1451 2539 Kohlmanni
1490 2497 1547 2540 de
1585 2497 1810 2541 Puteanei

100 2590 102 2593 .
129 2555 327 2600 leobione
359 2558 678 2602 testimonium
710 2562 791 2603 est.

248 2625 290 2679 2)
322 2623 646 2679 imperfectum
675 2626 752 2669 hic
782 2626 911 2670 nullo
943 2627 1080 2670 modo
1114 2629 1235 2670 stare
1266 2630 1432 2684 pobesb.

247 2691 290 2746 3)
322 2689 467 2733 nolim
497 2690 587 2734 11110
617 2691 786 2735 referre
818 2693 959 2736 Theb.
985 2693 1027 2735 X
1051 2697 1150 2747 479,
1182 2693 1263 2735 ubi
1295 2695 1501 2739 Restruit
1530 2695 1584 2736 Ρ1
1621 2694 1809 2738 exhibet

126 2755 250 2800 unde
275 2756 466 2800 destruit
489 2755 703 2800 effectum
729 2762 1002 2814 correctura,
1026 2762 1271 2815 propterea
1296 2760 1419 2815 quod
1436 2761 1641 2805 Restruit
1664 2760 1807 2804 etiam

126 2821 175 2864 in
206 2821 311 2865 aliis
342 2822 473 2866 libris
505 2823 689 2880 legitur,
722 2823 779 2867 of.
803 2824 1084 2868 Kohlmanni
1110 2825 1469 2869 adnotationem.
1519 2825 1638 2869 adde
1663 2825 1806 2870 etiam

127 2887 177 2929 in
213 2888 422 2932 Parisino
457 2893 510 2932 10
525 2894 608 2932 317
649 2892 715 2946 (Pe
746 2890 1060 2946 Kohlmann0‚
1101 2896 1134 2939 Q,
1164 2891 1314 2948 nobis)
1361 2892 1566 2936 Restruit
1611 2894 1802 2936 exstare.

1476 2965 1537 3007 b..
