2014 3138
173 85 240 139 18
777 87 827 132 P.
860 87 1069 134 PAPmI
1100 87 1276 134 s'rA'ri

250 221 371 290 quis
412 222 540 275 deus
581 222 842 276 attonitae
881 224 1095 278 fraudes
1135 228 1417 292 astumque
1454 225 1668 294 parenti

173 310 441 364 contulit?
518 309 808 365 indocilem
848 330 983 380 quae
1021 331 1174 366 mens
1213 313 1444 366 detraxit
1482 311 1790 367 Achillem?

167 397 375 452 Palladi
412 398 635 453 litoreae
675 400 981 453 celebrabat
1020 400 1214 470 Scyros
1253 402 1523 455 honorum
1807 422 1873 457 285

170 488 310 540 forte
351 487 507 556 diem,
546 487 868 557 placidoque
909 493 1054 542 satae
1091 489 1395 558 Lycomede
1435 509 1644 544 sorores
1867 495 1869 497 ’

168 574 290 629 luce
330 593 480 629 sacra
517 575 723 646 patriis,
763 594 899 645 quae
936 596 1057 630 rara
1093 578 1328 647 licentia,
1366 579 1533 632 muris

170 664 410 716 exierant
449 664 574 716 dare
612 665 751 717 veris
794 683 922 734 opes
963 666 1222 735 divaeque
1262 685 1470 720 severas

167 753 357 806 fronde
396 753 566 823 ligare
607 771 787 806 comas
828 757 883 806 et
921 772 1171 825 spargere
1209 755 1432 808 floribus
1471 756 1696 809 hastam.

171 842 421 894 omnibus
461 842 721 894 eximium
760 843 964 895 formae
1004 843 1181 911 decus,
1221 843 1469 897 omnibus
1511 844 1653 897 idem
1810 866 1877 899 290
1911 851 1913 854 ’

170 931 347 984 cultus
387 933 442 983 et
480 931 695 999 expleto
735 931 907 983 teneri
946 931 1054 984 iam
1092 932 1199 984 fine
1237 932 1458 1000 pudoris

167 1019 450 1090 virginitas
490 1022 701 1071 matura
738 1019 872 1072 toris
912 1020 1145 1088 annique
1183 1023 1468 1074 tumentes,

168 1108 262 1160 sed
301 1110 564 1176 quantum
603 1107 799 1160 virides
839 1109 1021 1178 pelagi
1059 1106 1245 1161 Venus
1287 1109 1466 1162 addita
1502 1107 1787 1178 Nymphas

170 1195 365 1264 obruit,
404 1198 498 1248 aut
536 1196 735 1248 umeris
777 1200 1039 1264 quantum
1078 1195 1254 1250 Diana
1290 1198 1550 1267 relinquit

167 1283 392 1338 Naidas:
432 1283 656 1354 effulget
694 1287 907 1337 tantum
944 1285 1133 1356 regina
1173 1286 1353 1339 decori
1810 1306 1876 1341 295

169 1371 452 1425 Deidamia
491 1372 643 1426 chori
680 1373 1030 1441 pulchrisque
1071 1374 1343 1426 sororibus
1383 1374 1576 1428 obstat.

169 1460 316 1514 illius
357 1464 410 1514 et
447 1479 602 1514 roseo
643 1461 951 1514 flammatur
987 1480 1230 1530 purpura
1267 1463 1422 1515 vultu

169 1553 224 1603 et
266 1549 493 1620 gemmis
532 1549 627 1601 lux
667 1549 840 1602 maior
877 1549 1019 1602 inest
1056 1552 1111 1602 et
1150 1549 1398 1603 blandius
1441 1568 1652 1603 aurum:

169 1640 331 1706 atque
371 1638 477 1706 ipsi
514 1656 614 1707 par
650 1638 826 1690 forma
865 1638 1060 1706 deaest,
1099 1638 1146 1690 si
1183 1638 1419 1707 pectoris
1458 1656 1660 1710 angues

168 1730 338 1795 ponat
377 1730 432 1779 et
470 1729 720 1795 exempta
759 1729 982 1795 pacetur
1025 1727 1229 1780 casside
1268 1727 1466 1780 vultus,
1809 1748 1876 1782 3⁰0
1940 1730 1945 1734 ’

294 1887 594 1931 Testimonia:
642 1890 727 1929 285
760 1886 908 1930 Pmsc.
942 1899 1134 1942 gramm.
1160 1886 1203 1929 Π
1228 1890 1328 1941 327,
1354 1891 1381 1929 4
1423 1888 1629 1943 (propter
1660 1887 1808 1938 dativi
1836 1886 1876 1931 -i

173 1948 446 2002 correptum)
481 1945 659 1988 Statius
691 1946 740 1989 in
771 1945 792 1987 I
822 1945 1111 1989 Achilleidos
1147 1945 1350 1989 ‘Palladi
1381 1945 1578 1990 litoreae
1611 1945 1879 1991 celebrabat

171 2003 330 2060 (litore
364 2004 693 2048 accelebrabat
724 2005 871 2061 codd.)
905 2004 1070 2060 Scyros
1102 2004 1359 2049 honorem’.

291 2151 543 2206 Exempla:
594 2155 679 2194 290
720 2151 820 2193 silv.
854 2151 917 2193 ΠΙ
950 2156 990 2204 3,
1027 2156 1110 2194 113
1153 2152 1292 2195 decus
1326 2151 1547 2195 eximium
1586 2150 1752 2195 famae.

172 2212 256 2253 292
290 2208 433 2253 Vane.
467 2210 582 2253 Aen.
616 2209 700 2253 VH
725 2214 781 2252 53
825 2209 919 2252 iam
958 2212 1144 2253 matura
1190 2211 1310 2264 viro,
1357 2210 1452 2253 iam
1498 2210 1650 2267 plenis
1697 2208 1872 2253 nubilis

170 2267 317 2312 annis.
502 2273 586 2312 293
618 2269 676 2322 cf.
712 2267 810 2311 silv.
835 2268 856 2310 I
881 2273 921 2322 2,
949 2273 1032 2312 116
1066 2268 1185 2313 Hom.
1219 2272 1244 2321 ζ
1268 2273 1351 2312 102
1370 2282 1432 2325 sq.

291 2419 375 2458 284
409 2428 529 2471 quae
559 2428 689 2458 mens
723 2414 926 2458 detraxit
958 2415 1208 2470 (contraxit
1232 2417 1277 2472 c)
1302 2414 1555 2459 Achillem:
1591 2427 1703 2471 -que
1733 2414 1873 2458 nimis

171 2474 370 2518 correxit
395 2474 447 2516 A.
483 2474 689 2518 Koehius
713 2478 835 2518 1865
852 2487 901 2530 p.
929 2477 1008 2517 13:
1042 2487 1161 2529 quae
1192 2487 1265 2517 res
1299 2474 1518 2517 distraxit
1540 2473 1595 2517 A.
1622 2473 1869 2518 Baehrens.

170 2537 220 2576 at
251 2546 381 2575 mens
415 2534 534 2576 idem
565 2534 682 2577 valet
713 2533 834 2589 quod
865 2534 1080 2590 coyitatio
1202 2537 1286 2576 285
1321 2532 1558 2577 celerabat
1590 2536 1626 2581 Q
1717 2545 1872 2588 scyros

171 2591 420 2637 Pn1sc.‚w:
454 2605 613 2646 scyrus
644 2596 677 2634 P
797 2592 1019 2635 honorem
1049 2591 1197 2635 Pmsc.
1360 2596 1445 2636 288
1476 2590 1596 2636 veris
1629 2605 1696 2635 w:
1729 2590 1872 2635 versis

171 2654 204 2692 P
342 2654 426 2693 289
460 2664 615 2694 comas
655 2650 804 2707 ligare
836 2655 869 2693 P
1031 2654 1115 2693 291
1149 2650 1318 2694 Vultus
1352 2656 1380 2693 c
1501 2650 1688 2707 expleta
1720 2653 1755 2698 Q

173 2713 260 2751 292
292 2709 531 2765 animique
564 2715 591 2752 c
726 2714 810 2753 293
843 2709 1050 2765 nympha
1081 2714 1114 2751 P
1143 2710 1243 2754 sine
1273 2723 1361 2754 ras.
1498 2713 1582 2753 296
1615 2707 1872 2752 Deidamea

172 2771 226 2810 P:
261 2767 496 2812 Deidimia
528 2774 556 2811 c
738 2773 823 2812 299
857 2769 1018 2812 deaest
1050 2768 1394 2813 Kohlmannus:
1430 2767 1561 2812 deest
1590 2772 1644 2811 P:
1678 2767 1794 2810 deae
1825 2780 1871 2825 ω

291 2830 375 2869 300
407 2829 602 2882 pacetur
618 2832 651 2869 P
677 2830 745 2883 (ut
775 2829 890 2872 coni.
917 2829 978 2872 D.
994 2827 1220 2872 Heinsius
1244 2828 1306 2872 ad
1332 2826 1495 2871 CLAVD.
1522 2827 1646 2870 Pros.
1674 2824 1718 2868 II
1744 2826 1869 2882 147):

170 2883 384 2940 placetur
430 2900 475 2929 ω
657 2886 847 2942 capside
878 2891 911 2928 P
